%YAML 1.1
%TAG !u! tag:unity3d.com,2011:
--- !u!1 &217801440057896036
GameObject:
  m_ObjectHideFlags: 0
  m_CorrespondingSourceObject: {fileID: 0}
  m_PrefabInstance: {fileID: 0}
  m_PrefabAsset: {fileID: 0}
  serializedVersion: 6
  m_Component:
  - component: {fileID: 217801440057896038}
  - component: {fileID: 217801440057896032}
  - component: {fileID: 217801440057896033}
  - component: {fileID: 217801440057896039}
  - component: {fileID: 8458482347229695191}
  m_Layer: 11
  m_Name: GunHandRight
  m_TagString: Untagged
  m_Icon: {fileID: 0}
  m_NavMeshLayer: 0
  m_StaticEditorFlags: 0
  m_IsActive: 1
--- !u!4 &217801440057896038
Transform:
  m_ObjectHideFlags: 0
  m_CorrespondingSourceObject: {fileID: 0}
  m_PrefabInstance: {fileID: 0}
  m_PrefabAsset: {fileID: 0}
  m_GameObject: {fileID: 217801440057896036}
  m_LocalRotation: {x: 0, y: 0, z: 0, w: 1}
  m_LocalPosition: {x: 0, y: 0, z: 0}
  m_LocalScale: {x: 1, y: 1, z: 1}
  m_Children:
  - {fileID: 5701602570132729484}
  - {fileID: 8088321378200010619}
  - {fileID: 1940225895256074290}
  m_Father: {fileID: 0}
  m_RootOrder: 0
  m_LocalEulerAnglesHint: {x: 0, y: 0, z: 0}
--- !u!65 &217801440057896032
BoxCollider:
  m_ObjectHideFlags: 0
  m_CorrespondingSourceObject: {fileID: 0}
  m_PrefabInstance: {fileID: 0}
  m_PrefabAsset: {fileID: 0}
  m_GameObject: {fileID: 217801440057896036}
  m_Material: {fileID: 0}
  m_IsTrigger: 0
  m_Enabled: 1
  serializedVersion: 2
  m_Size: {x: 0.08723261, y: 0.10409172, z: 0.20690882}
  m_Center: {x: -0.03111631, y: -0.039545856, z: -0.03561181}
--- !u!54 &217801440057896033
Rigidbody:
  m_ObjectHideFlags: 0
  m_CorrespondingSourceObject: {fileID: 0}
  m_PrefabInstance: {fileID: 0}
  m_PrefabAsset: {fileID: 0}
  m_GameObject: {fileID: 217801440057896036}
  serializedVersion: 2
  m_Mass: 1
  m_Drag: 0
  m_AngularDrag: 0.05
  m_UseGravity: 1
  m_IsKinematic: 0
  m_Interpolate: 0
  m_Constraints: 0
  m_CollisionDetection: 1
--- !u!114 &217801440057896039
MonoBehaviour:
  m_ObjectHideFlags: 0
  m_CorrespondingSourceObject: {fileID: 0}
  m_PrefabInstance: {fileID: 0}
  m_PrefabAsset: {fileID: 0}
  m_GameObject: {fileID: 217801440057896036}
  m_Enabled: 1
  m_EditorHideFlags: 0
  m_Script: {fileID: 11500000, guid: c0bf3a504008ac54dbf64bd17b7aca5b, type: 3}
  m_Name: 
  m_EditorClassIdentifier: 
--- !u!114 &8458482347229695191
MonoBehaviour:
  m_ObjectHideFlags: 0
  m_CorrespondingSourceObject: {fileID: 0}
  m_PrefabInstance: {fileID: 0}
  m_PrefabAsset: {fileID: 0}
  m_GameObject: {fileID: 217801440057896036}
  m_Enabled: 1
  m_EditorHideFlags: 0
  m_Script: {fileID: 11500000, guid: 580ec0704067045489951693de45a580, type: 3}
  m_Name: 
  m_EditorClassIdentifier: 
  rightMeshTransform: {fileID: 5096566674593158590}
  leftMeshTransform: {fileID: 9010841258026635163}
  rightSlotTransform: {fileID: 3518152053869170033}
  leftSlotTransform: {fileID: 4073567254717374704}
--- !u!1 &665068444992456533
GameObject:
  m_ObjectHideFlags: 0
  m_CorrespondingSourceObject: {fileID: 0}
  m_PrefabInstance: {fileID: 0}
  m_PrefabAsset: {fileID: 0}
  serializedVersion: 6
  m_Component:
  - component: {fileID: 4073567254717374704}
  m_Layer: 11
  m_Name: LeftSlot
  m_TagString: Untagged
  m_Icon: {fileID: 0}
  m_NavMeshLayer: 0
  m_StaticEditorFlags: 0
  m_IsActive: 1
--- !u!4 &4073567254717374704
Transform:
  m_ObjectHideFlags: 0
  m_CorrespondingSourceObject: {fileID: 0}
  m_PrefabInstance: {fileID: 0}
  m_PrefabAsset: {fileID: 0}
  m_GameObject: {fileID: 665068444992456533}
  m_LocalRotation: {x: -0.0016141405, y: -0, z: -0, w: 0.9999987}
  m_LocalPosition: {x: -0.04511, y: -0.0243, z: -0.0072}
  m_LocalScale: {x: 1, y: 1, z: 1}
  m_Children: []
  m_Father: {fileID: 1940225895256074290}
  m_RootOrder: 3
  m_LocalEulerAnglesHint: {x: -0.185, y: 0, z: 0}
--- !u!1 &3574068999873169555
GameObject:
  m_ObjectHideFlags: 0
  m_CorrespondingSourceObject: {fileID: 0}
  m_PrefabInstance: {fileID: 0}
  m_PrefabAsset: {fileID: 0}
  serializedVersion: 6
  m_Component:
  - component: {fileID: 8088321378200010619}
  m_Layer: 11
  m_Name: BulletSlot
  m_TagString: Untagged
  m_Icon: {fileID: 0}
  m_NavMeshLayer: 0
  m_StaticEditorFlags: 0
  m_IsActive: 1
--- !u!4 &8088321378200010619
Transform:
  m_ObjectHideFlags: 0
  m_CorrespondingSourceObject: {fileID: 0}
  m_PrefabInstance: {fileID: 0}
  m_PrefabAsset: {fileID: 0}
  m_GameObject: {fileID: 3574068999873169555}
  m_LocalRotation: {x: -0.0016141405, y: -0, z: -0, w: 0.9999987}
  m_LocalPosition: {x: -0.04511, y: -0.0243, z: -0.0072}
  m_LocalScale: {x: 1, y: 1, z: 1}
  m_Children:
  - {fileID: 1411888546969298301}
  m_Father: {fileID: 217801440057896038}
  m_RootOrder: 1
  m_LocalEulerAnglesHint: {x: -0.185, y: 0, z: 0}
--- !u!1 &4595537778611505278
GameObject:
  m_ObjectHideFlags: 0
  m_CorrespondingSourceObject: {fileID: 0}
  m_PrefabInstance: {fileID: 0}
  m_PrefabAsset: {fileID: 0}
  serializedVersion: 6
  m_Component:
  - component: {fileID: 9010841258026635163}
  m_Layer: 11
  m_Name: LeftPos
  m_TagString: Untagged
  m_Icon: {fileID: 0}
  m_NavMeshLayer: 0
  m_StaticEditorFlags: 0
  m_IsActive: 1
--- !u!4 &9010841258026635163
Transform:
  m_ObjectHideFlags: 0
  m_CorrespondingSourceObject: {fileID: 0}
  m_PrefabInstance: {fileID: 0}
  m_PrefabAsset: {fileID: 0}
  m_GameObject: {fileID: 4595537778611505278}
  m_LocalRotation: {x: 0.08068772, y: 0.30003056, z: 0.8211711, w: 0.4786953}
  m_LocalPosition: {x: -0.007326895, y: -0.007644783, z: -0.1076417}
  m_LocalScale: {x: 1, y: 1, z: -1}
  m_Children: []
  m_Father: {fileID: 1940225895256074290}
  m_RootOrder: 1
  m_LocalEulerAnglesHint: {x: -24.551, y: 27.483, z: 113.429}
--- !u!1 &4865893534993786811
GameObject:
  m_ObjectHideFlags: 0
  m_CorrespondingSourceObject: {fileID: 0}
  m_PrefabInstance: {fileID: 0}
  m_PrefabAsset: {fileID: 0}
  serializedVersion: 6
  m_Component:
  - component: {fileID: 5096566674593158590}
  m_Layer: 11
  m_Name: RightPos
  m_TagString: Untagged
  m_Icon: {fileID: 0}
  m_NavMeshLayer: 0
  m_StaticEditorFlags: 0
  m_IsActive: 1
--- !u!4 &5096566674593158590
Transform:
  m_ObjectHideFlags: 0
  m_CorrespondingSourceObject: {fileID: 0}
  m_PrefabInstance: {fileID: 0}
  m_PrefabAsset: {fileID: 0}
  m_GameObject: {fileID: 4865893534993786811}
  m_LocalRotation: {x: 0.27203444, y: 0.05345803, z: -0.4178293, w: 0.8651926}
  m_LocalPosition: {x: 0.0123, y: -0.0357, z: -0.1021}
  m_LocalScale: {x: 1, y: 1, z: -1}
  m_Children: []
  m_Father: {fileID: 1940225895256074290}
  m_RootOrder: 0
  m_LocalEulerAnglesHint: {x: 31.024, y: -9.052, z: -54.072}
--- !u!1 &5877921008727821179
GameObject:
  m_ObjectHideFlags: 0
  m_CorrespondingSourceObject: {fileID: 0}
  m_PrefabInstance: {fileID: 0}
  m_PrefabAsset: {fileID: 0}
  serializedVersion: 6
  m_Component:
  - component: {fileID: 1940225895256074290}
  m_Layer: 11
  m_Name: Pos
  m_TagString: Untagged
  m_Icon: {fileID: 0}
  m_NavMeshLayer: 0
  m_StaticEditorFlags: 0
  m_IsActive: 1
--- !u!4 &1940225895256074290
Transform:
  m_ObjectHideFlags: 0
  m_CorrespondingSourceObject: {fileID: 0}
  m_PrefabInstance: {fileID: 0}
  m_PrefabAsset: {fileID: 0}
  m_GameObject: {fileID: 5877921008727821179}
  m_LocalRotation: {x: -0, y: -0, z: -0, w: 1}
  m_LocalPosition: {x: 0, y: 0, z: 0}
  m_LocalScale: {x: 1, y: 1, z: 1}
  m_Children:
  - {fileID: 5096566674593158590}
  - {fileID: 9010841258026635163}
  - {fileID: 3518152053869170033}
  - {fileID: 4073567254717374704}
  m_Father: {fileID: 217801440057896038}
  m_RootOrder: 2
  m_LocalEulerAnglesHint: {x: 0, y: 0, z: 0}
--- !u!1 &8276188309773323894
GameObject:
  m_ObjectHideFlags: 0
  m_CorrespondingSourceObject: {fileID: 0}
  m_PrefabInstance: {fileID: 0}
  m_PrefabAsset: {fileID: 0}
  serializedVersion: 6
  m_Component:
  - component: {fileID: 3518152053869170033}
  m_Layer: 11
  m_Name: RightSlot
  m_TagString: Untagged
  m_Icon: {fileID: 0}
  m_NavMeshLayer: 0
  m_StaticEditorFlags: 0
  m_IsActive: 1
--- !u!4 &3518152053869170033
Transform:
  m_ObjectHideFlags: 0
  m_CorrespondingSourceObject: {fileID: 0}
  m_PrefabInstance: {fileID: 0}
  m_PrefabAsset: {fileID: 0}
  m_GameObject: {fileID: 8276188309773323894}
  m_LocalRotation: {x: -0, y: 0.08834284, z: -0, w: 0.9960902}
  m_LocalPosition: {x: 0.06646, y: -0.01303, z: -0.01175}
  m_LocalScale: {x: 1, y: 1, z: 1}
  m_Children: []
  m_Father: {fileID: 1940225895256074290}
  m_RootOrder: 2
  m_LocalEulerAnglesHint: {x: 0, y: 10.137, z: 0}
--- !u!1 &8753714050218712223
GameObject:
  m_ObjectHideFlags: 0
  m_CorrespondingSourceObject: {fileID: 0}
  m_PrefabInstance: {fileID: 0}
  m_PrefabAsset: {fileID: 0}
  serializedVersion: 6
  m_Component:
  - component: {fileID: 5701602570132729484}
  m_Layer: 0
  m_Name: RightHandMesh
  m_TagString: Untagged
  m_Icon: {fileID: 0}
  m_NavMeshLayer: 0
  m_StaticEditorFlags: 0
  m_IsActive: 1
--- !u!4 &5701602570132729484
Transform:
  m_ObjectHideFlags: 0
  m_CorrespondingSourceObject: {fileID: 0}
  m_PrefabInstance: {fileID: 0}
  m_PrefabAsset: {fileID: 0}
  m_GameObject: {fileID: 8753714050218712223}
  m_LocalRotation: {x: 0.08068772, y: 0.30003056, z: 0.8211711, w: 0.4786953}
  m_LocalPosition: {x: -0.007326895, y: -0.007644783, z: -0.1076417}
  m_LocalScale: {x: 1, y: 1, z: -1}
  m_Children:
  - {fileID: 9189907086061377736}
  m_Father: {fileID: 217801440057896038}
  m_RootOrder: 0
  m_LocalEulerAnglesHint: {x: -24.551, y: 27.483, z: 113.429}
--- !u!1 &8784287101640984342
GameObject:
  m_ObjectHideFlags: 0
  m_CorrespondingSourceObject: {fileID: 0}
  m_PrefabInstance: {fileID: 0}
  m_PrefabAsset: {fileID: 0}
  serializedVersion: 6
  m_Component:
  - component: {fileID: 1411888546969298301}
  - component: {fileID: 1093525836429416021}
  - component: {fileID: 6779326313607993070}
  - component: {fileID: 3046536681017673239}
  m_Layer: 0
  m_Name: Finger
  m_TagString: Untagged
  m_Icon: {fileID: 0}
  m_NavMeshLayer: 0
  m_StaticEditorFlags: 0
  m_IsActive: 1
--- !u!4 &1411888546969298301
Transform:
  m_ObjectHideFlags: 0
  m_CorrespondingSourceObject: {fileID: 0}
  m_PrefabInstance: {fileID: 0}
  m_PrefabAsset: {fileID: 0}
  m_GameObject: {fileID: 8784287101640984342}
  m_LocalRotation: {x: 0.7071067, y: 0.000000029802322, z: -0, w: 0.7071068}
  m_LocalPosition: {x: 0, y: 0, z: 0}
  m_LocalScale: {x: 1, y: 1, z: 1}
  m_Children:
  - {fileID: 6969357405302356183}
  m_Father: {fileID: 8088321378200010619}
  m_RootOrder: 0
  m_LocalEulerAnglesHint: {x: 90, y: 0, z: 0}
--- !u!65 &1093525836429416021
BoxCollider:
  m_ObjectHideFlags: 0
  m_CorrespondingSourceObject: {fileID: 0}
  m_PrefabInstance: {fileID: 0}
  m_PrefabAsset: {fileID: 0}
  m_GameObject: {fileID: 8784287101640984342}
  m_Material: {fileID: 0}
  m_IsTrigger: 0
  m_Enabled: 1
  serializedVersion: 2
  m_Size: {x: 0.0169404, y: 0.035490554, z: 0.015409747}
  m_Center: {x: -0.0000639623, y: -0.003134791, z: -0.0005327827}
--- !u!54 &6779326313607993070
Rigidbody:
  m_ObjectHideFlags: 0
  m_CorrespondingSourceObject: {fileID: 0}
  m_PrefabInstance: {fileID: 0}
  m_PrefabAsset: {fileID: 0}
  m_GameObject: {fileID: 8784287101640984342}
  serializedVersion: 2
  m_Mass: 0.02
  m_Drag: 0
  m_AngularDrag: 0.05
  m_UseGravity: 0
  m_IsKinematic: 0
  m_Interpolate: 0
  m_Constraints: 112
  m_CollisionDetection: 1
--- !u!114 &3046536681017673239
MonoBehaviour:
  m_ObjectHideFlags: 0
  m_CorrespondingSourceObject: {fileID: 0}
  m_PrefabInstance: {fileID: 0}
  m_PrefabAsset: {fileID: 0}
  m_GameObject: {fileID: 8784287101640984342}
  m_Enabled: 1
  m_EditorHideFlags: 0
  m_Script: {fileID: 11500000, guid: 0b854fb1b8d53c04eb9f8b27f2326d64, type: 3}
  m_Name: 
  m_EditorClassIdentifier: 
  force: 5
--- !u!1001 &4514501477346559184
PrefabInstance:
  m_ObjectHideFlags: 0
  serializedVersion: 2
  m_Modification:
    m_TransformParent: {fileID: 5701602570132729484}
    m_Modifications:
    - target: {fileID: 4697149825819302936, guid: d4d49c185b7faf948bfe1c34fa05a7f3,
        type: 3}
      propertyPath: m_LocalPosition.x
      value: 0
      objectReference: {fileID: 0}
    - target: {fileID: 4697149825819302936, guid: d4d49c185b7faf948bfe1c34fa05a7f3,
        type: 3}
      propertyPath: m_LocalPosition.y
      value: 0
      objectReference: {fileID: 0}
    - target: {fileID: 4697149825819302936, guid: d4d49c185b7faf948bfe1c34fa05a7f3,
        type: 3}
      propertyPath: m_LocalPosition.z
      value: 0
      objectReference: {fileID: 0}
    - target: {fileID: 4697149825819302936, guid: d4d49c185b7faf948bfe1c34fa05a7f3,
        type: 3}
      propertyPath: m_LocalRotation.x
      value: 0
      objectReference: {fileID: 0}
    - target: {fileID: 4697149825819302936, guid: d4d49c185b7faf948bfe1c34fa05a7f3,
        type: 3}
      propertyPath: m_LocalRotation.y
      value: 0
      objectReference: {fileID: 0}
    - target: {fileID: 4697149825819302936, guid: d4d49c185b7faf948bfe1c34fa05a7f3,
        type: 3}
      propertyPath: m_LocalRotation.z
      value: 0
      objectReference: {fileID: 0}
    - target: {fileID: 4697149825819302936, guid: d4d49c185b7faf948bfe1c34fa05a7f3,
        type: 3}
      propertyPath: m_LocalRotation.w
      value: 1
      objectReference: {fileID: 0}
    - target: {fileID: 4697149825819302936, guid: d4d49c185b7faf948bfe1c34fa05a7f3,
        type: 3}
      propertyPath: m_RootOrder
      value: 0
      objectReference: {fileID: 0}
    - target: {fileID: 4697149825819302936, guid: d4d49c185b7faf948bfe1c34fa05a7f3,
        type: 3}
      propertyPath: m_LocalEulerAnglesHint.x
      value: 0
      objectReference: {fileID: 0}
    - target: {fileID: 4697149825819302936, guid: d4d49c185b7faf948bfe1c34fa05a7f3,
        type: 3}
      propertyPath: m_LocalEulerAnglesHint.y
      value: 0
      objectReference: {fileID: 0}
    - target: {fileID: 4697149825819302936, guid: d4d49c185b7faf948bfe1c34fa05a7f3,
        type: 3}
      propertyPath: m_LocalEulerAnglesHint.z
      value: 0
      objectReference: {fileID: 0}
    - target: {fileID: 8607778813824839179, guid: d4d49c185b7faf948bfe1c34fa05a7f3,
        type: 3}
      propertyPath: m_Name
      value: Gun-Hand_Right
      objectReference: {fileID: 0}
    m_RemovedComponents: []
  m_SourcePrefab: {fileID: 100100000, guid: d4d49c185b7faf948bfe1c34fa05a7f3, type: 3}
--- !u!4 &9189907086061377736 stripped
Transform:
  m_CorrespondingSourceObject: {fileID: 4697149825819302936, guid: d4d49c185b7faf948bfe1c34fa05a7f3,
    type: 3}
  m_PrefabInstance: {fileID: 4514501477346559184}
  m_PrefabAsset: {fileID: 0}
--- !u!1001 &6993098152426823928
PrefabInstance:
  m_ObjectHideFlags: 0
  serializedVersion: 2
  m_Modification:
    m_TransformParent: {fileID: 1411888546969298301}
    m_Modifications:
    - target: {fileID: 122819938961299503, guid: 9ac593e5088eecb49bf1971ba8c29886,
        type: 3}
      propertyPath: m_LocalPosition.x
      value: 0
      objectReference: {fileID: 0}
    - target: {fileID: 122819938961299503, guid: 9ac593e5088eecb49bf1971ba8c29886,
        type: 3}
      propertyPath: m_LocalPosition.y
      value: 0
      objectReference: {fileID: 0}
    - target: {fileID: 122819938961299503, guid: 9ac593e5088eecb49bf1971ba8c29886,
        type: 3}
      propertyPath: m_LocalPosition.z
      value: 0
      objectReference: {fileID: 0}
    - target: {fileID: 122819938961299503, guid: 9ac593e5088eecb49bf1971ba8c29886,
        type: 3}
      propertyPath: m_LocalRotation.x
      value: 0
      objectReference: {fileID: 0}
    - target: {fileID: 122819938961299503, guid: 9ac593e5088eecb49bf1971ba8c29886,
        type: 3}
      propertyPath: m_LocalRotation.y
      value: 0
      objectReference: {fileID: 0}
    - target: {fileID: 122819938961299503, guid: 9ac593e5088eecb49bf1971ba8c29886,
        type: 3}
      propertyPath: m_LocalRotation.z
      value: 0
      objectReference: {fileID: 0}
    - target: {fileID: 122819938961299503, guid: 9ac593e5088eecb49bf1971ba8c29886,
        type: 3}
      propertyPath: m_LocalRotation.w
      value: 1
      objectReference: {fileID: 0}
    - target: {fileID: 122819938961299503, guid: 9ac593e5088eecb49bf1971ba8c29886,
        type: 3}
      propertyPath: m_RootOrder
      value: 0
      objectReference: {fileID: 0}
    - target: {fileID: 122819938961299503, guid: 9ac593e5088eecb49bf1971ba8c29886,
        type: 3}
      propertyPath: m_LocalEulerAnglesHint.x
      value: 0
      objectReference: {fileID: 0}
    - target: {fileID: 122819938961299503, guid: 9ac593e5088eecb49bf1971ba8c29886,
        type: 3}
      propertyPath: m_LocalEulerAnglesHint.y
      value: 0
      objectReference: {fileID: 0}
    - target: {fileID: 122819938961299503, guid: 9ac593e5088eecb49bf1971ba8c29886,
        type: 3}
      propertyPath: m_LocalEulerAnglesHint.z
      value: 0
      objectReference: {fileID: 0}
    - target: {fileID: 4030442174159612476, guid: 9ac593e5088eecb49bf1971ba8c29886,
        type: 3}
      propertyPath: m_Name
      value: Bullet-Silver
      objectReference: {fileID: 0}
    m_RemovedComponents: []
  m_SourcePrefab: {fileID: 100100000, guid: 9ac593e5088eecb49bf1971ba8c29886, type: 3}
--- !u!4 &6969357405302356183 stripped
Transform:
  m_CorrespondingSourceObject: {fileID: 122819938961299503, guid: 9ac593e5088eecb49bf1971ba8c29886,
    type: 3}
  m_PrefabInstance: {fileID: 6993098152426823928}
  m_PrefabAsset: {fileID: 0}
