%YAML 1.1
%TAG !u! tag:unity3d.com,2011:
--- !u!29 &1
OcclusionCullingSettings:
  m_ObjectHideFlags: 0
  serializedVersion: 2
  m_OcclusionBakeSettings:
    smallestOccluder: 5
    smallestHole: 0.25
    backfaceThreshold: 100
  m_SceneGUID: 7780bea532692294c95adfff93f608f8
  m_OcclusionCullingData: {fileID: 36300000, guid: 2a627cbbdf7ef58419ce66af110e2f1c,
    type: 2}
--- !u!104 &2
RenderSettings:
  m_ObjectHideFlags: 0
  serializedVersion: 9
  m_Fog: 0
  m_FogColor: {r: 0.5, g: 0.5, b: 0.5, a: 1}
  m_FogMode: 3
  m_FogDensity: 0.01
  m_LinearFogStart: 0
  m_LinearFogEnd: 300
  m_AmbientSkyColor: {r: 0.212, g: 0.227, b: 0.259, a: 1}
  m_AmbientEquatorColor: {r: 0.114, g: 0.125, b: 0.133, a: 1}
  m_AmbientGroundColor: {r: 0.047, g: 0.043, b: 0.035, a: 1}
  m_AmbientIntensity: 1
  m_AmbientMode: 0
  m_SubtractiveShadowColor: {r: 0.42, g: 0.478, b: 0.627, a: 1}
  m_SkyboxMaterial: {fileID: 2100000, guid: 3e8bc5155c4c9ed46a63ac64c06408f3, type: 2}
  m_HaloStrength: 0.5
  m_FlareStrength: 1
  m_FlareFadeSpeed: 3
  m_HaloTexture: {fileID: 0}
  m_SpotCookie: {fileID: 10001, guid: 0000000000000000e000000000000000, type: 0}
  m_DefaultReflectionMode: 0
  m_DefaultReflectionResolution: 128
  m_ReflectionBounces: 1
  m_ReflectionIntensity: 1
  m_CustomReflection: {fileID: 0}
  m_Sun: {fileID: 0}
  m_IndirectSpecularColor: {r: 0, g: 0, b: 0, a: 1}
  m_UseRadianceAmbientProbe: 0
--- !u!157 &3
LightmapSettings:
  m_ObjectHideFlags: 0
  serializedVersion: 11
  m_GIWorkflowMode: 1
  m_GISettings:
    serializedVersion: 2
    m_BounceScale: 1
    m_IndirectOutputScale: 1
    m_AlbedoBoost: 1
    m_EnvironmentLightingMode: 0
    m_EnableBakedLightmaps: 1
    m_EnableRealtimeLightmaps: 0
  m_LightmapEditorSettings:
    serializedVersion: 12
    m_Resolution: 2
    m_BakeResolution: 60
    m_AtlasSize: 1024
    m_AO: 0
    m_AOMaxDistance: 1
    m_CompAOExponent: 1
    m_CompAOExponentDirect: 0
    m_ExtractAmbientOcclusion: 0
    m_Padding: 2
    m_LightmapParameters: {fileID: 0}
    m_LightmapsBakeMode: 1
    m_TextureCompression: 1
    m_FinalGather: 0
    m_FinalGatherFiltering: 1
    m_FinalGatherRayCount: 256
    m_ReflectionCompression: 2
    m_MixedBakeMode: 2
    m_BakeBackend: 2
    m_PVRSampling: 1
    m_PVRDirectSampleCount: 32
    m_PVRSampleCount: 512
    m_PVRBounces: 2
    m_PVREnvironmentSampleCount: 256
    m_PVREnvironmentReferencePointCount: 2048
    m_PVRFilteringMode: 1
    m_PVRDenoiserTypeDirect: 1
    m_PVRDenoiserTypeIndirect: 1
    m_PVRDenoiserTypeAO: 1
    m_PVRFilterTypeDirect: 0
    m_PVRFilterTypeIndirect: 0
    m_PVRFilterTypeAO: 0
    m_PVREnvironmentMIS: 1
    m_PVRCulling: 0
    m_PVRFilteringGaussRadiusDirect: 1
    m_PVRFilteringGaussRadiusIndirect: 5
    m_PVRFilteringGaussRadiusAO: 2
    m_PVRFilteringAtrousPositionSigmaDirect: 0.5
    m_PVRFilteringAtrousPositionSigmaIndirect: 2
    m_PVRFilteringAtrousPositionSigmaAO: 1
    m_ExportTrainingData: 0
    m_TrainingDataDestination: TrainingData
    m_LightProbeSampleCountMultiplier: 4
  m_LightingDataAsset: {fileID: 0}
  m_UseShadowmask: 1
--- !u!196 &4
NavMeshSettings:
  serializedVersion: 2
  m_ObjectHideFlags: 0
  m_BuildSettings:
    serializedVersion: 2
    agentTypeID: 0
    agentRadius: 0.5
    agentHeight: 2
    agentSlope: 45
    agentClimb: 0.4
    ledgeDropHeight: 0
    maxJumpAcrossDistance: 0
    minRegionArea: 2
    manualCellSize: 0
    cellSize: 0.16666667
    manualTileSize: 0
    tileSize: 256
    accuratePlacement: 0
    debug:
      m_Flags: 0
  m_NavMeshData: {fileID: 23800000, guid: 3107b083a21c2d948855985922d58adb, type: 2}
--- !u!4 &332298127 stripped
Transform:
  m_CorrespondingSourceObject: {fileID: 2719273132886806005, guid: 27f21bbd245816547a03693480ea923f,
    type: 3}
  m_PrefabInstance: {fileID: 2719273133192591994}
  m_PrefabAsset: {fileID: 0}
--- !u!1 &467948131 stripped
GameObject:
  m_CorrespondingSourceObject: {fileID: 3992111354996172292, guid: b353fab9c5961ef40b272bfa7b733c49,
    type: 3}
  m_PrefabInstance: {fileID: 1023458705}
  m_PrefabAsset: {fileID: 0}
--- !u!1 &471501689
GameObject:
  m_ObjectHideFlags: 0
  m_CorrespondingSourceObject: {fileID: 0}
  m_PrefabInstance: {fileID: 0}
  m_PrefabAsset: {fileID: 0}
  serializedVersion: 6
  m_Component:
  - component: {fileID: 471501692}
  - component: {fileID: 471501691}
  - component: {fileID: 471501690}
  m_Layer: 0
  m_Name: EventSystem
  m_TagString: Untagged
  m_Icon: {fileID: 0}
  m_NavMeshLayer: 0
  m_StaticEditorFlags: 0
  m_IsActive: 1
--- !u!114 &471501690
MonoBehaviour:
  m_ObjectHideFlags: 0
  m_CorrespondingSourceObject: {fileID: 0}
  m_PrefabInstance: {fileID: 0}
  m_PrefabAsset: {fileID: 0}
  m_GameObject: {fileID: 471501689}
  m_Enabled: 1
  m_EditorHideFlags: 0
  m_Script: {fileID: 11500000, guid: 4f231c4fb786f3946a6b90b886c48677, type: 3}
  m_Name: 
  m_EditorClassIdentifier: 
  m_HorizontalAxis: Horizontal
  m_VerticalAxis: Vertical
  m_SubmitButton: Submit
  m_CancelButton: Cancel
  m_InputActionsPerSecond: 10
  m_RepeatDelay: 0.5
  m_ForceModuleActive: 0
--- !u!114 &471501691
MonoBehaviour:
  m_ObjectHideFlags: 0
  m_CorrespondingSourceObject: {fileID: 0}
  m_PrefabInstance: {fileID: 0}
  m_PrefabAsset: {fileID: 0}
  m_GameObject: {fileID: 471501689}
  m_Enabled: 1
  m_EditorHideFlags: 0
  m_Script: {fileID: 11500000, guid: 76c392e42b5098c458856cdf6ecaaaa1, type: 3}
  m_Name: 
  m_EditorClassIdentifier: 
  m_FirstSelected: {fileID: 0}
  m_sendNavigationEvents: 1
  m_DragThreshold: 10
--- !u!4 &471501692
Transform:
  m_ObjectHideFlags: 0
  m_CorrespondingSourceObject: {fileID: 0}
  m_PrefabInstance: {fileID: 0}
  m_PrefabAsset: {fileID: 0}
  m_GameObject: {fileID: 471501689}
  m_LocalRotation: {x: 0, y: 0, z: 0, w: 1}
  m_LocalPosition: {x: 0, y: 0, z: 0}
  m_LocalScale: {x: 1, y: 1, z: 1}
  m_Children: []
  m_Father: {fileID: 0}
  m_RootOrder: 4
  m_LocalEulerAnglesHint: {x: 0, y: 0, z: 0}
--- !u!4 &652788204 stripped
Transform:
  m_CorrespondingSourceObject: {fileID: 4548705994495040466, guid: d7eec9d99ba9de643853264154aa4f28,
    type: 3}
  m_PrefabInstance: {fileID: 4548705993923091006}
  m_PrefabAsset: {fileID: 0}
--- !u!4 &758015608 stripped
Transform:
  m_CorrespondingSourceObject: {fileID: 9088855538403453154, guid: c65fc6d665b1abf4b83f80e3dce51429,
    type: 3}
  m_PrefabInstance: {fileID: 9088855538989485722}
  m_PrefabAsset: {fileID: 0}
--- !u!114 &856005656
MonoBehaviour:
  m_ObjectHideFlags: 0
  m_CorrespondingSourceObject: {fileID: 0}
  m_PrefabInstance: {fileID: 0}
  m_PrefabAsset: {fileID: 0}
  m_GameObject: {fileID: 586345743724354576}
  m_Enabled: 1
  m_EditorHideFlags: 0
  m_Script: {fileID: 11500000, guid: f4ead38851f144b4ebc45526944f3e4c, type: 3}
  m_Name: 
  m_EditorClassIdentifier: 
--- !u!1 &989940500
GameObject:
  m_ObjectHideFlags: 0
  m_CorrespondingSourceObject: {fileID: 0}
  m_PrefabInstance: {fileID: 0}
  m_PrefabAsset: {fileID: 0}
  serializedVersion: 6
  m_Component:
  - component: {fileID: 989940502}
  - component: {fileID: 989940501}
  m_Layer: 0
  m_Name: Directional Light
  m_TagString: Untagged
  m_Icon: {fileID: 0}
  m_NavMeshLayer: 0
  m_StaticEditorFlags: 4294967295
  m_IsActive: 1
--- !u!108 &989940501
Light:
  m_ObjectHideFlags: 0
  m_CorrespondingSourceObject: {fileID: 0}
  m_PrefabInstance: {fileID: 0}
  m_PrefabAsset: {fileID: 0}
  m_GameObject: {fileID: 989940500}
  m_Enabled: 1
  serializedVersion: 10
  m_Type: 1
  m_Shape: 0
  m_Color: {r: 1, g: 1, b: 1, a: 1}
  m_Intensity: 1
  m_Range: 10
  m_SpotAngle: 30
  m_InnerSpotAngle: 21.80208
  m_CookieSize: 10
  m_Shadows:
    m_Type: 0
    m_Resolution: -1
    m_CustomResolution: -1
    m_Strength: 1
    m_Bias: 0.05
    m_NormalBias: 0.4
    m_NearPlane: 0.2
    m_CullingMatrixOverride:
      e00: 1
      e01: 0
      e02: 0
      e03: 0
      e10: 0
      e11: 1
      e12: 0
      e13: 0
      e20: 0
      e21: 0
      e22: 1
      e23: 0
      e30: 0
      e31: 0
      e32: 0
      e33: 1
    m_UseCullingMatrixOverride: 0
  m_Cookie: {fileID: 0}
  m_DrawHalo: 0
  m_Flare: {fileID: 0}
  m_RenderMode: 0
  m_CullingMask:
    serializedVersion: 2
    m_Bits: 4294967295
  m_RenderingLayerMask: 1
  m_Lightmapping: 4
  m_LightShadowCasterMode: 0
  m_AreaSize: {x: 1, y: 1}
  m_BounceIntensity: 1
  m_ColorTemperature: 6570
  m_UseColorTemperature: 0
  m_BoundingSphereOverride: {x: 0, y: 0, z: 0, w: 0}
  m_UseBoundingSphereOverride: 0
  m_ShadowRadius: 0
  m_ShadowAngle: 0
--- !u!4 &989940502
Transform:
  m_ObjectHideFlags: 0
  m_CorrespondingSourceObject: {fileID: 0}
  m_PrefabInstance: {fileID: 0}
  m_PrefabAsset: {fileID: 0}
  m_GameObject: {fileID: 989940500}
  m_LocalRotation: {x: 0.40821788, y: -0.23456968, z: 0.10938163, w: 0.8754261}
  m_LocalPosition: {x: -35.114807, y: 1.5691053, z: -108.76065}
  m_LocalScale: {x: 1, y: 1, z: 1}
  m_Children: []
  m_Father: {fileID: 0}
  m_RootOrder: 3
  m_LocalEulerAnglesHint: {x: 50, y: -30, z: 0}
--- !u!1001 &1023458705
PrefabInstance:
  m_ObjectHideFlags: 0
  serializedVersion: 2
  m_Modification:
    m_TransformParent: {fileID: 0}
    m_Modifications:
    - target: {fileID: 2421692581699348062, guid: b353fab9c5961ef40b272bfa7b733c49,
        type: 3}
      propertyPath: m_LocalPosition.x
      value: 0
      objectReference: {fileID: 0}
    - target: {fileID: 2421692581699348062, guid: b353fab9c5961ef40b272bfa7b733c49,
        type: 3}
      propertyPath: m_LocalPosition.y
      value: 0
      objectReference: {fileID: 0}
    - target: {fileID: 2421692581699348062, guid: b353fab9c5961ef40b272bfa7b733c49,
        type: 3}
      propertyPath: m_LocalPosition.z
      value: 0
      objectReference: {fileID: 0}
    - target: {fileID: 2421692581699348062, guid: b353fab9c5961ef40b272bfa7b733c49,
        type: 3}
      propertyPath: m_LocalRotation.x
      value: 0
      objectReference: {fileID: 0}
    - target: {fileID: 2421692581699348062, guid: b353fab9c5961ef40b272bfa7b733c49,
        type: 3}
      propertyPath: m_LocalRotation.y
      value: 0
      objectReference: {fileID: 0}
    - target: {fileID: 2421692581699348062, guid: b353fab9c5961ef40b272bfa7b733c49,
        type: 3}
      propertyPath: m_LocalRotation.z
      value: 0
      objectReference: {fileID: 0}
    - target: {fileID: 2421692581699348062, guid: b353fab9c5961ef40b272bfa7b733c49,
        type: 3}
      propertyPath: m_LocalRotation.w
      value: 1
      objectReference: {fileID: 0}
    - target: {fileID: 2421692581699348062, guid: b353fab9c5961ef40b272bfa7b733c49,
        type: 3}
      propertyPath: m_RootOrder
      value: 1
      objectReference: {fileID: 0}
    - target: {fileID: 2421692581699348062, guid: b353fab9c5961ef40b272bfa7b733c49,
        type: 3}
      propertyPath: m_LocalEulerAnglesHint.x
      value: 0
      objectReference: {fileID: 0}
    - target: {fileID: 2421692581699348062, guid: b353fab9c5961ef40b272bfa7b733c49,
        type: 3}
      propertyPath: m_LocalEulerAnglesHint.y
      value: 0
      objectReference: {fileID: 0}
    - target: {fileID: 2421692581699348062, guid: b353fab9c5961ef40b272bfa7b733c49,
        type: 3}
      propertyPath: m_LocalEulerAnglesHint.z
      value: 0
      objectReference: {fileID: 0}
    - target: {fileID: 2421692581699348063, guid: b353fab9c5961ef40b272bfa7b733c49,
        type: 3}
      propertyPath: m_Name
      value: VRTKScripts
      objectReference: {fileID: 0}
    m_RemovedComponents: []
  m_SourcePrefab: {fileID: 100100000, guid: b353fab9c5961ef40b272bfa7b733c49, type: 3}
--- !u!4 &1086691097 stripped
Transform:
  m_CorrespondingSourceObject: {fileID: 9088855540067129731, guid: c65fc6d665b1abf4b83f80e3dce51429,
    type: 3}
  m_PrefabInstance: {fileID: 9088855538989485722}
  m_PrefabAsset: {fileID: 0}
--- !u!1001 &1086927676
PrefabInstance:
  m_ObjectHideFlags: 0
  serializedVersion: 2
  m_Modification:
    m_TransformParent: {fileID: 0}
    m_Modifications:
    - target: {fileID: 291575665786971632, guid: e02142a77bd29f74493d67df19cb7291,
        type: 3}
      propertyPath: teleporterRef
      value: 
      objectReference: {fileID: 1921677799}
    - target: {fileID: 6444762675854955510, guid: e02142a77bd29f74493d67df19cb7291,
        type: 3}
      propertyPath: m_IsActive
      value: 0
      objectReference: {fileID: 0}
    - target: {fileID: 6444762676039883397, guid: e02142a77bd29f74493d67df19cb7291,
        type: 3}
      propertyPath: m_Enabled
      value: 1
      objectReference: {fileID: 0}
    - target: {fileID: 6444762676040340825, guid: e02142a77bd29f74493d67df19cb7291,
        type: 3}
      propertyPath: m_LocalPosition.y
      value: 0
      objectReference: {fileID: 0}
    - target: {fileID: 6444762677308677384, guid: e02142a77bd29f74493d67df19cb7291,
        type: 3}
      propertyPath: setups.Array.size
      value: 1
      objectReference: {fileID: 0}
    - target: {fileID: 6444762677308677384, guid: e02142a77bd29f74493d67df19cb7291,
        type: 3}
      propertyPath: scriptAliasLeftController
      value: 
      objectReference: {fileID: 1195782359}
    - target: {fileID: 6444762677308677384, guid: e02142a77bd29f74493d67df19cb7291,
        type: 3}
      propertyPath: scriptAliasRightController
      value: 
      objectReference: {fileID: 1921677792}
    - target: {fileID: 6444762677308677386, guid: e02142a77bd29f74493d67df19cb7291,
        type: 3}
      propertyPath: m_Name
      value: VRTK
      objectReference: {fileID: 0}
    - target: {fileID: 6444762677308677387, guid: e02142a77bd29f74493d67df19cb7291,
        type: 3}
      propertyPath: m_LocalPosition.x
      value: 0
      objectReference: {fileID: 0}
    - target: {fileID: 6444762677308677387, guid: e02142a77bd29f74493d67df19cb7291,
        type: 3}
      propertyPath: m_LocalPosition.y
      value: 0
      objectReference: {fileID: 0}
    - target: {fileID: 6444762677308677387, guid: e02142a77bd29f74493d67df19cb7291,
        type: 3}
      propertyPath: m_LocalPosition.z
      value: 0
      objectReference: {fileID: 0}
    - target: {fileID: 6444762677308677387, guid: e02142a77bd29f74493d67df19cb7291,
        type: 3}
      propertyPath: m_LocalRotation.x
      value: 0
      objectReference: {fileID: 0}
    - target: {fileID: 6444762677308677387, guid: e02142a77bd29f74493d67df19cb7291,
        type: 3}
      propertyPath: m_LocalRotation.y
      value: 0
      objectReference: {fileID: 0}
    - target: {fileID: 6444762677308677387, guid: e02142a77bd29f74493d67df19cb7291,
        type: 3}
      propertyPath: m_LocalRotation.z
      value: 0
      objectReference: {fileID: 0}
    - target: {fileID: 6444762677308677387, guid: e02142a77bd29f74493d67df19cb7291,
        type: 3}
      propertyPath: m_LocalRotation.w
      value: 1
      objectReference: {fileID: 0}
    - target: {fileID: 6444762677308677387, guid: e02142a77bd29f74493d67df19cb7291,
        type: 3}
      propertyPath: m_RootOrder
      value: 2
      objectReference: {fileID: 0}
    - target: {fileID: 6444762677308677387, guid: e02142a77bd29f74493d67df19cb7291,
        type: 3}
      propertyPath: m_LocalEulerAnglesHint.x
      value: 0
      objectReference: {fileID: 0}
    - target: {fileID: 6444762677308677387, guid: e02142a77bd29f74493d67df19cb7291,
        type: 3}
      propertyPath: m_LocalEulerAnglesHint.y
      value: 0
      objectReference: {fileID: 0}
    - target: {fileID: 6444762677308677387, guid: e02142a77bd29f74493d67df19cb7291,
        type: 3}
      propertyPath: m_LocalEulerAnglesHint.z
      value: 0
      objectReference: {fileID: 0}
    m_RemovedComponents: []
  m_SourcePrefab: {fileID: 100100000, guid: e02142a77bd29f74493d67df19cb7291, type: 3}
--- !u!1 &1195782359 stripped
GameObject:
  m_CorrespondingSourceObject: {fileID: 2421692581819131577, guid: b353fab9c5961ef40b272bfa7b733c49,
    type: 3}
  m_PrefabInstance: {fileID: 1023458705}
  m_PrefabAsset: {fileID: 0}
--- !u!4 &1214112763 stripped
Transform:
  m_CorrespondingSourceObject: {fileID: 4548705992709519813, guid: d7eec9d99ba9de643853264154aa4f28,
    type: 3}
  m_PrefabInstance: {fileID: 4548705993923091006}
  m_PrefabAsset: {fileID: 0}
--- !u!4 &1510774535 stripped
Transform:
  m_CorrespondingSourceObject: {fileID: 5556353625401310490, guid: 43d7a2e99acee46469dd55380c0f20fa,
    type: 3}
  m_PrefabInstance: {fileID: 5556353623957645853}
  m_PrefabAsset: {fileID: 0}
--- !u!1 &1921677792 stripped
GameObject:
  m_CorrespondingSourceObject: {fileID: 2421692582582110693, guid: b353fab9c5961ef40b272bfa7b733c49,
    type: 3}
  m_PrefabInstance: {fileID: 1023458705}
  m_PrefabAsset: {fileID: 0}
--- !u!114 &1921677799 stripped
MonoBehaviour:
  m_CorrespondingSourceObject: {fileID: 2421692582582110696, guid: b353fab9c5961ef40b272bfa7b733c49,
    type: 3}
  m_PrefabInstance: {fileID: 1023458705}
  m_PrefabAsset: {fileID: 0}
  m_GameObject: {fileID: 1921677792}
  m_Enabled: 1
  m_EditorHideFlags: 0
  m_Script: {fileID: 11500000, guid: ef7e6bfad51b1f24f8bba548c8dcecb8, type: 3}
  m_Name: 
  m_EditorClassIdentifier: 
--- !u!4 &2140929793 stripped
Transform:
  m_CorrespondingSourceObject: {fileID: 5556353624955213084, guid: 43d7a2e99acee46469dd55380c0f20fa,
    type: 3}
  m_PrefabInstance: {fileID: 5556353623957645853}
  m_PrefabAsset: {fileID: 0}
--- !u!4 &69712574916846597 stripped
Transform:
  m_CorrespondingSourceObject: {fileID: 1291962983934699422, guid: 30899dea3abfc20469f124f38adf874c,
    type: 3}
  m_PrefabInstance: {fileID: 1232387928238998427}
  m_PrefabAsset: {fileID: 0}
--- !u!1001 &265339317909160208
PrefabInstance:
  m_ObjectHideFlags: 0
  serializedVersion: 2
  m_Modification:
    m_TransformParent: {fileID: 586345743724354577}
    m_Modifications:
    - target: {fileID: 265339317490785529, guid: 94a058d5a34cb224aaf1f2ba3544bf32,
        type: 3}
      propertyPath: m_Name
      value: Corridor_Changing_Workspace
      objectReference: {fileID: 0}
    - target: {fileID: 832518235244931163, guid: 94a058d5a34cb224aaf1f2ba3544bf32,
        type: 3}
      propertyPath: associatedRoomFront
      value: 
      objectReference: {fileID: 586345742665056086}
    - target: {fileID: 832518235244931163, guid: 94a058d5a34cb224aaf1f2ba3544bf32,
        type: 3}
      propertyPath: associatedRoomBackTransform
      value: 
      objectReference: {fileID: 652788204}
    - target: {fileID: 832518235888994653, guid: 94a058d5a34cb224aaf1f2ba3544bf32,
        type: 3}
      propertyPath: m_LocalPosition.x
      value: -46
      objectReference: {fileID: 0}
    - target: {fileID: 832518235888994653, guid: 94a058d5a34cb224aaf1f2ba3544bf32,
        type: 3}
      propertyPath: m_LocalPosition.y
      value: 0
      objectReference: {fileID: 0}
    - target: {fileID: 832518235888994653, guid: 94a058d5a34cb224aaf1f2ba3544bf32,
        type: 3}
      propertyPath: m_LocalPosition.z
      value: -29
      objectReference: {fileID: 0}
    - target: {fileID: 832518235888994653, guid: 94a058d5a34cb224aaf1f2ba3544bf32,
        type: 3}
      propertyPath: m_LocalRotation.x
      value: -0
      objectReference: {fileID: 0}
    - target: {fileID: 832518235888994653, guid: 94a058d5a34cb224aaf1f2ba3544bf32,
        type: 3}
      propertyPath: m_LocalRotation.y
      value: -0
      objectReference: {fileID: 0}
    - target: {fileID: 832518235888994653, guid: 94a058d5a34cb224aaf1f2ba3544bf32,
        type: 3}
      propertyPath: m_LocalRotation.z
      value: -0
      objectReference: {fileID: 0}
    - target: {fileID: 832518235888994653, guid: 94a058d5a34cb224aaf1f2ba3544bf32,
        type: 3}
      propertyPath: m_LocalRotation.w
      value: 1
      objectReference: {fileID: 0}
    - target: {fileID: 832518235888994653, guid: 94a058d5a34cb224aaf1f2ba3544bf32,
        type: 3}
      propertyPath: m_RootOrder
      value: 3
      objectReference: {fileID: 0}
    - target: {fileID: 832518235888994653, guid: 94a058d5a34cb224aaf1f2ba3544bf32,
        type: 3}
      propertyPath: m_LocalEulerAnglesHint.x
      value: 0
      objectReference: {fileID: 0}
    - target: {fileID: 832518235888994653, guid: 94a058d5a34cb224aaf1f2ba3544bf32,
        type: 3}
      propertyPath: m_LocalEulerAnglesHint.y
      value: 0
      objectReference: {fileID: 0}
    - target: {fileID: 832518235888994653, guid: 94a058d5a34cb224aaf1f2ba3544bf32,
        type: 3}
      propertyPath: m_LocalEulerAnglesHint.z
      value: 0
      objectReference: {fileID: 0}
    - target: {fileID: 832518236142662690, guid: 94a058d5a34cb224aaf1f2ba3544bf32,
        type: 3}
      propertyPath: associatedRoomBack
      value: 
      objectReference: {fileID: 586345743711653218}
    - target: {fileID: 832518236142662690, guid: 94a058d5a34cb224aaf1f2ba3544bf32,
        type: 3}
      propertyPath: associatedRoomBackTransform
      value: 
      objectReference: {fileID: 1510774535}
    m_RemovedComponents: []
  m_SourcePrefab: {fileID: 100100000, guid: 94a058d5a34cb224aaf1f2ba3544bf32, type: 3}
--- !u!4 &586345742408960077 stripped
Transform:
  m_CorrespondingSourceObject: {fileID: 832518235888994653, guid: 94a058d5a34cb224aaf1f2ba3544bf32,
    type: 3}
  m_PrefabInstance: {fileID: 265339317909160208}
  m_PrefabAsset: {fileID: 0}
--- !u!4 &586345742665056085 stripped
Transform:
  m_CorrespondingSourceObject: {fileID: 3964115833099461995, guid: d7eec9d99ba9de643853264154aa4f28,
    type: 3}
  m_PrefabInstance: {fileID: 4548705993923091006}
  m_PrefabAsset: {fileID: 0}
--- !u!114 &586345742665056086 stripped
MonoBehaviour:
  m_CorrespondingSourceObject: {fileID: 3964115833099461992, guid: d7eec9d99ba9de643853264154aa4f28,
    type: 3}
  m_PrefabInstance: {fileID: 4548705993923091006}
  m_PrefabAsset: {fileID: 0}
  m_GameObject: {fileID: 0}
  m_Enabled: 1
  m_EditorHideFlags: 0
  m_Script: {fileID: 11500000, guid: 6dfa6a925821f8344a5067bb722ed524, type: 3}
  m_Name: 
  m_EditorClassIdentifier: 
--- !u!4 &586345742832910324 stripped
Transform:
  m_CorrespondingSourceObject: {fileID: 3287578084234691982, guid: 27f21bbd245816547a03693480ea923f,
    type: 3}
  m_PrefabInstance: {fileID: 2719273133192591994}
  m_PrefabAsset: {fileID: 0}
--- !u!114 &586345742832910332 stripped
MonoBehaviour:
  m_CorrespondingSourceObject: {fileID: 3287578084234691974, guid: 27f21bbd245816547a03693480ea923f,
    type: 3}
  m_PrefabInstance: {fileID: 2719273133192591994}
  m_PrefabAsset: {fileID: 0}
  m_GameObject: {fileID: 0}
  m_Enabled: 1
  m_EditorHideFlags: 0
  m_Script: {fileID: 11500000, guid: 6dfa6a925821f8344a5067bb722ed524, type: 3}
  m_Name: 
  m_EditorClassIdentifier: 
--- !u!4 &586345743162053635 stripped
Transform:
  m_CorrespondingSourceObject: {fileID: 8484832784012917889, guid: d6b84473306670e42bf7a22922f2d4b6,
    type: 3}
  m_PrefabInstance: {fileID: 9071147051484522626}
  m_PrefabAsset: {fileID: 0}
--- !u!4 &586345743251335418 stripped
Transform:
  m_CorrespondingSourceObject: {fileID: 8503086015194441312, guid: c65fc6d665b1abf4b83f80e3dce51429,
    type: 3}
  m_PrefabInstance: {fileID: 9088855538989485722}
  m_PrefabAsset: {fileID: 0}
--- !u!114 &586345743251335419 stripped
MonoBehaviour:
  m_CorrespondingSourceObject: {fileID: 8503086015194441313, guid: c65fc6d665b1abf4b83f80e3dce51429,
    type: 3}
  m_PrefabInstance: {fileID: 9088855538989485722}
  m_PrefabAsset: {fileID: 0}
  m_GameObject: {fileID: 0}
  m_Enabled: 1
  m_EditorHideFlags: 0
  m_Script: {fileID: 11500000, guid: 6dfa6a925821f8344a5067bb722ed524, type: 3}
  m_Name: 
  m_EditorClassIdentifier: 
--- !u!4 &586345743711653217 stripped
Transform:
  m_CorrespondingSourceObject: {fileID: 4989773390912808828, guid: 43d7a2e99acee46469dd55380c0f20fa,
    type: 3}
  m_PrefabInstance: {fileID: 5556353623957645853}
  m_PrefabAsset: {fileID: 0}
--- !u!114 &586345743711653218 stripped
MonoBehaviour:
  m_CorrespondingSourceObject: {fileID: 4989773390912808831, guid: 43d7a2e99acee46469dd55380c0f20fa,
    type: 3}
  m_PrefabInstance: {fileID: 5556353623957645853}
  m_PrefabAsset: {fileID: 0}
  m_GameObject: {fileID: 0}
  m_Enabled: 1
  m_EditorHideFlags: 0
  m_Script: {fileID: 11500000, guid: 6dfa6a925821f8344a5067bb722ed524, type: 3}
  m_Name: 
  m_EditorClassIdentifier: 
--- !u!1 &586345743724354576
GameObject:
  m_ObjectHideFlags: 0
  m_CorrespondingSourceObject: {fileID: 0}
  m_PrefabInstance: {fileID: 0}
  m_PrefabAsset: {fileID: 0}
  serializedVersion: 6
  m_Component:
  - component: {fileID: 586345743724354577}
  - component: {fileID: 856005656}
  m_Layer: 0
  m_Name: Factory_Level
  m_TagString: Untagged
  m_Icon: {fileID: 0}
  m_NavMeshLayer: 0
  m_StaticEditorFlags: 0
  m_IsActive: 1
--- !u!4 &586345743724354577
Transform:
  m_ObjectHideFlags: 0
  m_CorrespondingSourceObject: {fileID: 0}
  m_PrefabInstance: {fileID: 0}
  m_PrefabAsset: {fileID: 0}
  m_GameObject: {fileID: 586345743724354576}
  m_LocalRotation: {x: 0, y: 0, z: 0, w: 1}
  m_LocalPosition: {x: 0, y: 0, z: 0}
  m_LocalScale: {x: 1, y: 1, z: 1}
  m_Children:
  - {fileID: 586345742832910324}
  - {fileID: 586345743162053635}
  - {fileID: 586345742665056085}
  - {fileID: 586345742408960077}
  - {fileID: 586345743711653217}
  - {fileID: 586345744008910710}
  - {fileID: 586345743251335418}
  - {fileID: 69712574916846597}
  m_Father: {fileID: 0}
  m_RootOrder: 0
  m_LocalEulerAnglesHint: {x: 0, y: 0, z: 0}
--- !u!4 &586345744008910710 stripped
Transform:
  m_CorrespondingSourceObject: {fileID: 8717097840103206008, guid: b788c4a5aa873204fad74b2bbc4f790d,
    type: 3}
  m_PrefabInstance: {fileID: 8131886930340854542}
  m_PrefabAsset: {fileID: 0}
--- !u!1001 &1232387928238998427
PrefabInstance:
  m_ObjectHideFlags: 0
  serializedVersion: 2
  m_Modification:
    m_TransformParent: {fileID: 586345743724354577}
    m_Modifications:
    - target: {fileID: 1232387927971535087, guid: 30899dea3abfc20469f124f38adf874c,
        type: 3}
      propertyPath: associatedRoomFront
      value: 
      objectReference: {fileID: 586345743251335419}
    - target: {fileID: 1232387927971535087, guid: 30899dea3abfc20469f124f38adf874c,
        type: 3}
      propertyPath: associatedRoomFrontTransform
      value: 
      objectReference: {fileID: 758015608}
    - target: {fileID: 1291962983934699422, guid: 30899dea3abfc20469f124f38adf874c,
        type: 3}
      propertyPath: m_LocalPosition.x
      value: -96
      objectReference: {fileID: 0}
    - target: {fileID: 1291962983934699422, guid: 30899dea3abfc20469f124f38adf874c,
        type: 3}
      propertyPath: m_LocalPosition.y
      value: 0
      objectReference: {fileID: 0}
    - target: {fileID: 1291962983934699422, guid: 30899dea3abfc20469f124f38adf874c,
        type: 3}
      propertyPath: m_LocalPosition.z
      value: 46
      objectReference: {fileID: 0}
    - target: {fileID: 1291962983934699422, guid: 30899dea3abfc20469f124f38adf874c,
        type: 3}
      propertyPath: m_LocalRotation.x
      value: 0
      objectReference: {fileID: 0}
    - target: {fileID: 1291962983934699422, guid: 30899dea3abfc20469f124f38adf874c,
        type: 3}
      propertyPath: m_LocalRotation.y
      value: 0
      objectReference: {fileID: 0}
    - target: {fileID: 1291962983934699422, guid: 30899dea3abfc20469f124f38adf874c,
        type: 3}
      propertyPath: m_LocalRotation.z
      value: 0
      objectReference: {fileID: 0}
    - target: {fileID: 1291962983934699422, guid: 30899dea3abfc20469f124f38adf874c,
        type: 3}
      propertyPath: m_LocalRotation.w
      value: 1
      objectReference: {fileID: 0}
    - target: {fileID: 1291962983934699422, guid: 30899dea3abfc20469f124f38adf874c,
        type: 3}
      propertyPath: m_RootOrder
      value: 7
      objectReference: {fileID: 0}
    - target: {fileID: 1291962983934699422, guid: 30899dea3abfc20469f124f38adf874c,
        type: 3}
      propertyPath: m_LocalEulerAnglesHint.x
      value: 0
      objectReference: {fileID: 0}
    - target: {fileID: 1291962983934699422, guid: 30899dea3abfc20469f124f38adf874c,
        type: 3}
      propertyPath: m_LocalEulerAnglesHint.y
      value: 0
      objectReference: {fileID: 0}
    - target: {fileID: 1291962983934699422, guid: 30899dea3abfc20469f124f38adf874c,
        type: 3}
      propertyPath: m_LocalEulerAnglesHint.z
      value: 0
      objectReference: {fileID: 0}
    - target: {fileID: 3154375243145481375, guid: 30899dea3abfc20469f124f38adf874c,
        type: 3}
      propertyPath: m_Name
      value: Trucks
      objectReference: {fileID: 0}
    - target: {fileID: 5294997366648712741, guid: 30899dea3abfc20469f124f38adf874c,
        type: 3}
      propertyPath: target
      value: 
      objectReference: {fileID: 467948131}
    - target: {fileID: 5294997366855525249, guid: 30899dea3abfc20469f124f38adf874c,
        type: 3}
      propertyPath: target
      value: 
      objectReference: {fileID: 467948131}
    - target: {fileID: 5294997367844708138, guid: 30899dea3abfc20469f124f38adf874c,
        type: 3}
      propertyPath: target
      value: 
      objectReference: {fileID: 467948131}
    - target: {fileID: 5294997367967400418, guid: 30899dea3abfc20469f124f38adf874c,
        type: 3}
      propertyPath: target
      value: 
      objectReference: {fileID: 467948131}
    - target: {fileID: 5294997368400922159, guid: 30899dea3abfc20469f124f38adf874c,
        type: 3}
      propertyPath: target
      value: 
      objectReference: {fileID: 467948131}
    m_RemovedComponents: []
  m_SourcePrefab: {fileID: 100100000, guid: 30899dea3abfc20469f124f38adf874c, type: 3}
--- !u!1001 &2719273133192591994
PrefabInstance:
  m_ObjectHideFlags: 0
  serializedVersion: 2
  m_Modification:
    m_TransformParent: {fileID: 586345743724354577}
    m_Modifications:
    - target: {fileID: 1568869794354073119, guid: 27f21bbd245816547a03693480ea923f,
        type: 3}
      propertyPath: m_ConnectedAnchor.z
      value: 0.07303631
      objectReference: {fileID: 0}
    - target: {fileID: 1770460751440724290, guid: 27f21bbd245816547a03693480ea923f,
        type: 3}
      propertyPath: m_ConnectedAnchor.z
      value: 0.19172302
      objectReference: {fileID: 0}
    - target: {fileID: 1935360600616015052, guid: 27f21bbd245816547a03693480ea923f,
        type: 3}
      propertyPath: m_ConnectedAnchor.z
      value: 0.07303653
      objectReference: {fileID: 0}
    - target: {fileID: 3287578084234691969, guid: 27f21bbd245816547a03693480ea923f,
        type: 3}
      propertyPath: m_Name
      value: Badge
      objectReference: {fileID: 0}
    - target: {fileID: 3287578084234691982, guid: 27f21bbd245816547a03693480ea923f,
        type: 3}
      propertyPath: m_LocalPosition.x
      value: -6
      objectReference: {fileID: 0}
    - target: {fileID: 3287578084234691982, guid: 27f21bbd245816547a03693480ea923f,
        type: 3}
      propertyPath: m_LocalPosition.y
      value: 0
      objectReference: {fileID: 0}
    - target: {fileID: 3287578084234691982, guid: 27f21bbd245816547a03693480ea923f,
        type: 3}
      propertyPath: m_LocalPosition.z
      value: -2
      objectReference: {fileID: 0}
    - target: {fileID: 3287578084234691982, guid: 27f21bbd245816547a03693480ea923f,
        type: 3}
      propertyPath: m_LocalRotation.x
      value: 0
      objectReference: {fileID: 0}
    - target: {fileID: 3287578084234691982, guid: 27f21bbd245816547a03693480ea923f,
        type: 3}
      propertyPath: m_LocalRotation.y
      value: 0
      objectReference: {fileID: 0}
    - target: {fileID: 3287578084234691982, guid: 27f21bbd245816547a03693480ea923f,
        type: 3}
      propertyPath: m_LocalRotation.z
      value: 0
      objectReference: {fileID: 0}
    - target: {fileID: 3287578084234691982, guid: 27f21bbd245816547a03693480ea923f,
        type: 3}
      propertyPath: m_LocalRotation.w
      value: 1
      objectReference: {fileID: 0}
    - target: {fileID: 3287578084234691982, guid: 27f21bbd245816547a03693480ea923f,
        type: 3}
      propertyPath: m_RootOrder
      value: 0
      objectReference: {fileID: 0}
    - target: {fileID: 3287578084234691982, guid: 27f21bbd245816547a03693480ea923f,
        type: 3}
      propertyPath: m_LocalEulerAnglesHint.x
      value: 0
      objectReference: {fileID: 0}
    - target: {fileID: 3287578084234691982, guid: 27f21bbd245816547a03693480ea923f,
        type: 3}
      propertyPath: m_LocalEulerAnglesHint.y
      value: 0
      objectReference: {fileID: 0}
    - target: {fileID: 3287578084234691982, guid: 27f21bbd245816547a03693480ea923f,
        type: 3}
      propertyPath: m_LocalEulerAnglesHint.z
      value: 0
      objectReference: {fileID: 0}
    - target: {fileID: 5084567765852177178, guid: 27f21bbd245816547a03693480ea923f,
        type: 3}
      propertyPath: m_ConnectedAnchor.z
      value: -0.06890547
      objectReference: {fileID: 0}
    - target: {fileID: 5098240113167305230, guid: 27f21bbd245816547a03693480ea923f,
        type: 3}
      propertyPath: m_ConnectedAnchor.z
      value: -0.19172397
      objectReference: {fileID: 0}
    - target: {fileID: 5256292260134667782, guid: 27f21bbd245816547a03693480ea923f,
        type: 3}
      propertyPath: m_ConnectedAnchor.z
      value: -0.000000111880595
      objectReference: {fileID: 0}
    - target: {fileID: 8094867322333063314, guid: 27f21bbd245816547a03693480ea923f,
        type: 3}
      propertyPath: m_ConnectedAnchor.x
      value: 0.24062009
      objectReference: {fileID: 0}
    - target: {fileID: 8094867322333063314, guid: 27f21bbd245816547a03693480ea923f,
        type: 3}
      propertyPath: m_ConnectedAnchor.z
      value: -0.012117906
      objectReference: {fileID: 0}
    - target: {fileID: 8854951141143440487, guid: 27f21bbd245816547a03693480ea923f,
        type: 3}
      propertyPath: m_ConnectedAnchor.x
      value: -0.23837125
      objectReference: {fileID: 0}
    - target: {fileID: 8854951141143440487, guid: 27f21bbd245816547a03693480ea923f,
        type: 3}
      propertyPath: m_ConnectedAnchor.y
      value: 0.035324693
      objectReference: {fileID: 0}
    - target: {fileID: 8854951141143440487, guid: 27f21bbd245816547a03693480ea923f,
        type: 3}
      propertyPath: m_ConnectedAnchor.z
      value: -0.001260478
      objectReference: {fileID: 0}
    - target: {fileID: 9069408276111010569, guid: 27f21bbd245816547a03693480ea923f,
        type: 3}
      propertyPath: target
      value: 
      objectReference: {fileID: 467948131}
    m_RemovedComponents: []
  m_SourcePrefab: {fileID: 100100000, guid: 27f21bbd245816547a03693480ea923f, type: 3}
--- !u!1001 &4548705993923091006
PrefabInstance:
  m_ObjectHideFlags: 0
  serializedVersion: 2
  m_Modification:
    m_TransformParent: {fileID: 586345743724354577}
    m_Modifications:
    - target: {fileID: 20060278532522910, guid: d7eec9d99ba9de643853264154aa4f28,
        type: 3}
      propertyPath: m_ConnectedAnchor.x
      value: 0.37173432
      objectReference: {fileID: 0}
    - target: {fileID: 20060278532522910, guid: d7eec9d99ba9de643853264154aa4f28,
        type: 3}
      propertyPath: m_ConnectedAnchor.y
      value: -0.0019967612
      objectReference: {fileID: 0}
    - target: {fileID: 20060278532522910, guid: d7eec9d99ba9de643853264154aa4f28,
        type: 3}
      propertyPath: m_ConnectedAnchor.z
      value: 0.07303672
      objectReference: {fileID: 0}
    - target: {fileID: 20060278681637074, guid: d7eec9d99ba9de643853264154aa4f28,
        type: 3}
      propertyPath: m_ConnectedAnchor.y
      value: -0.0019967034
      objectReference: {fileID: 0}
    - target: {fileID: 20060278681637074, guid: d7eec9d99ba9de643853264154aa4f28,
        type: 3}
      propertyPath: m_ConnectedAnchor.z
      value: 0.07303673
      objectReference: {fileID: 0}
    - target: {fileID: 20060279059293211, guid: d7eec9d99ba9de643853264154aa4f28,
        type: 3}
      propertyPath: m_ConnectedAnchor.x
      value: 0.37173444
      objectReference: {fileID: 0}
    - target: {fileID: 20060279059293211, guid: d7eec9d99ba9de643853264154aa4f28,
        type: 3}
      propertyPath: m_ConnectedAnchor.y
      value: -0.001996478
      objectReference: {fileID: 0}
    - target: {fileID: 20060279059293211, guid: d7eec9d99ba9de643853264154aa4f28,
        type: 3}
      propertyPath: m_ConnectedAnchor.z
      value: 0.073035456
      objectReference: {fileID: 0}
    - target: {fileID: 20060279523329605, guid: d7eec9d99ba9de643853264154aa4f28,
        type: 3}
      propertyPath: m_ConnectedAnchor.y
      value: -0.0019964613
      objectReference: {fileID: 0}
    - target: {fileID: 147910897947264348, guid: d7eec9d99ba9de643853264154aa4f28,
        type: 3}
      propertyPath: m_ConnectedAnchor.z
      value: 0.191724
      objectReference: {fileID: 0}
    - target: {fileID: 147910898078619152, guid: d7eec9d99ba9de643853264154aa4f28,
        type: 3}
      propertyPath: m_ConnectedAnchor.z
      value: 0.191724
      objectReference: {fileID: 0}
    - target: {fileID: 147910898257293717, guid: d7eec9d99ba9de643853264154aa4f28,
        type: 3}
      propertyPath: m_ConnectedAnchor.z
      value: 0.19172272
      objectReference: {fileID: 0}
    - target: {fileID: 147910898733880267, guid: d7eec9d99ba9de643853264154aa4f28,
        type: 3}
      propertyPath: m_ConnectedAnchor.z
      value: 0.191724
      objectReference: {fileID: 0}
    - target: {fileID: 1105970458781256193, guid: d7eec9d99ba9de643853264154aa4f28,
        type: 3}
      propertyPath: m_ConnectedAnchor.x
      value: -0.3717339
      objectReference: {fileID: 0}
    - target: {fileID: 1105970458781256193, guid: d7eec9d99ba9de643853264154aa4f28,
        type: 3}
      propertyPath: m_ConnectedAnchor.y
      value: -0.0019966494
      objectReference: {fileID: 0}
    - target: {fileID: 1105970458781256193, guid: d7eec9d99ba9de643853264154aa4f28,
        type: 3}
      propertyPath: m_ConnectedAnchor.z
      value: 0.07303685
      objectReference: {fileID: 0}
    - target: {fileID: 1105970458908907853, guid: d7eec9d99ba9de643853264154aa4f28,
        type: 3}
      propertyPath: m_ConnectedAnchor.x
      value: -0.3717339
      objectReference: {fileID: 0}
    - target: {fileID: 1105970458908907853, guid: d7eec9d99ba9de643853264154aa4f28,
        type: 3}
      propertyPath: m_ConnectedAnchor.y
      value: -0.0019967388
      objectReference: {fileID: 0}
    - target: {fileID: 1105970458908907853, guid: d7eec9d99ba9de643853264154aa4f28,
        type: 3}
      propertyPath: m_ConnectedAnchor.z
      value: 0.07303685
      objectReference: {fileID: 0}
    - target: {fileID: 1105970459460845256, guid: d7eec9d99ba9de643853264154aa4f28,
        type: 3}
      propertyPath: m_ConnectedAnchor.x
      value: -0.37173402
      objectReference: {fileID: 0}
    - target: {fileID: 1105970459460845256, guid: d7eec9d99ba9de643853264154aa4f28,
        type: 3}
      propertyPath: m_ConnectedAnchor.y
      value: -0.0019960962
      objectReference: {fileID: 0}
    - target: {fileID: 1105970459460845256, guid: d7eec9d99ba9de643853264154aa4f28,
        type: 3}
      propertyPath: m_ConnectedAnchor.z
      value: 0.07303558
      objectReference: {fileID: 0}
    - target: {fileID: 1611845526917666746, guid: d7eec9d99ba9de643853264154aa4f28,
        type: 3}
      propertyPath: m_ConnectedAnchor.z
      value: 0.00000015925619
      objectReference: {fileID: 0}
    - target: {fileID: 1611845527045276918, guid: d7eec9d99ba9de643853264154aa4f28,
        type: 3}
      propertyPath: m_ConnectedAnchor.x
      value: 0.10916868
      objectReference: {fileID: 0}
    - target: {fileID: 1611845527045276918, guid: d7eec9d99ba9de643853264154aa4f28,
        type: 3}
      propertyPath: m_ConnectedAnchor.y
      value: -0.0050330833
      objectReference: {fileID: 0}
    - target: {fileID: 1611845527976063039, guid: d7eec9d99ba9de643853264154aa4f28,
        type: 3}
      propertyPath: m_ConnectedAnchor.z
      value: -0.0000011119994
      objectReference: {fileID: 0}
    - target: {fileID: 1611845528443245153, guid: d7eec9d99ba9de643853264154aa4f28,
        type: 3}
      propertyPath: m_ConnectedAnchor.x
      value: 0.10916866
      objectReference: {fileID: 0}
    - target: {fileID: 1611845528443245153, guid: d7eec9d99ba9de643853264154aa4f28,
        type: 3}
      propertyPath: m_ConnectedAnchor.y
      value: -0.0050326935
      objectReference: {fileID: 0}
    - target: {fileID: 3964115833099461994, guid: d7eec9d99ba9de643853264154aa4f28,
        type: 3}
      propertyPath: m_Name
      value: ChangingRoom
      objectReference: {fileID: 0}
    - target: {fileID: 3964115833099461995, guid: d7eec9d99ba9de643853264154aa4f28,
        type: 3}
      propertyPath: m_LocalPosition.x
      value: -34.5
      objectReference: {fileID: 0}
    - target: {fileID: 3964115833099461995, guid: d7eec9d99ba9de643853264154aa4f28,
        type: 3}
      propertyPath: m_LocalPosition.y
      value: 0
      objectReference: {fileID: 0}
    - target: {fileID: 3964115833099461995, guid: d7eec9d99ba9de643853264154aa4f28,
        type: 3}
      propertyPath: m_LocalPosition.z
      value: -2
      objectReference: {fileID: 0}
    - target: {fileID: 3964115833099461995, guid: d7eec9d99ba9de643853264154aa4f28,
        type: 3}
      propertyPath: m_LocalRotation.x
      value: -0
      objectReference: {fileID: 0}
    - target: {fileID: 3964115833099461995, guid: d7eec9d99ba9de643853264154aa4f28,
        type: 3}
      propertyPath: m_LocalRotation.y
      value: -0
      objectReference: {fileID: 0}
    - target: {fileID: 3964115833099461995, guid: d7eec9d99ba9de643853264154aa4f28,
        type: 3}
      propertyPath: m_LocalRotation.z
      value: -0
      objectReference: {fileID: 0}
    - target: {fileID: 3964115833099461995, guid: d7eec9d99ba9de643853264154aa4f28,
        type: 3}
      propertyPath: m_LocalRotation.w
      value: 1
      objectReference: {fileID: 0}
    - target: {fileID: 3964115833099461995, guid: d7eec9d99ba9de643853264154aa4f28,
        type: 3}
      propertyPath: m_RootOrder
      value: 2
      objectReference: {fileID: 0}
    - target: {fileID: 3964115833099461995, guid: d7eec9d99ba9de643853264154aa4f28,
        type: 3}
      propertyPath: m_LocalEulerAnglesHint.x
      value: 0
      objectReference: {fileID: 0}
    - target: {fileID: 3964115833099461995, guid: d7eec9d99ba9de643853264154aa4f28,
        type: 3}
      propertyPath: m_LocalEulerAnglesHint.y
      value: 0
      objectReference: {fileID: 0}
    - target: {fileID: 3964115833099461995, guid: d7eec9d99ba9de643853264154aa4f28,
        type: 3}
      propertyPath: m_LocalEulerAnglesHint.z
      value: 0
      objectReference: {fileID: 0}
    - target: {fileID: 5617758343476365318, guid: d7eec9d99ba9de643853264154aa4f28,
        type: 3}
      propertyPath: m_ConnectedAnchor.y
      value: 0.011331949
      objectReference: {fileID: 0}
    - target: {fileID: 5617758343476365318, guid: d7eec9d99ba9de643853264154aa4f28,
        type: 3}
      propertyPath: m_ConnectedAnchor.z
      value: 0.06890614
      objectReference: {fileID: 0}
    - target: {fileID: 5617758343596186442, guid: d7eec9d99ba9de643853264154aa4f28,
        type: 3}
      propertyPath: m_ConnectedAnchor.z
      value: 0.06890614
      objectReference: {fileID: 0}
    - target: {fileID: 5617758344390638799, guid: d7eec9d99ba9de643853264154aa4f28,
        type: 3}
      propertyPath: m_ConnectedAnchor.z
      value: 0.06890487
      objectReference: {fileID: 0}
    - target: {fileID: 5939849300034065551, guid: d7eec9d99ba9de643853264154aa4f28,
        type: 3}
      propertyPath: m_ConnectedAnchor.x
      value: -0.47135204
      objectReference: {fileID: 0}
    - target: {fileID: 5939849300034065551, guid: d7eec9d99ba9de643853264154aa4f28,
        type: 3}
      propertyPath: m_ConnectedAnchor.y
      value: 0.023796089
      objectReference: {fileID: 0}
    - target: {fileID: 5939849300034065551, guid: d7eec9d99ba9de643853264154aa4f28,
        type: 3}
      propertyPath: m_ConnectedAnchor.z
      value: -0.00000014540825
      objectReference: {fileID: 0}
    - target: {fileID: 5939849300633450193, guid: d7eec9d99ba9de643853264154aa4f28,
        type: 3}
      propertyPath: m_ConnectedAnchor.z
      value: 0.0000011267783
      objectReference: {fileID: 0}
    - target: {fileID: 5939849300655837524, guid: d7eec9d99ba9de643853264154aa4f28,
        type: 3}
      propertyPath: m_ConnectedAnchor.z
      value: -0.00000014540821
      objectReference: {fileID: 0}
    - target: {fileID: 5939849300776141336, guid: d7eec9d99ba9de643853264154aa4f28,
        type: 3}
      propertyPath: m_ConnectedAnchor.y
      value: 0.02379591
      objectReference: {fileID: 0}
    - target: {fileID: 5939849300776141336, guid: d7eec9d99ba9de643853264154aa4f28,
        type: 3}
      propertyPath: m_ConnectedAnchor.z
      value: -0.0000001454082
      objectReference: {fileID: 0}
    - target: {fileID: 6632834613631316941, guid: d7eec9d99ba9de643853264154aa4f28,
        type: 3}
      propertyPath: m_ConnectedAnchor.z
      value: -0.068904914
      objectReference: {fileID: 0}
    - target: {fileID: 6632834613791049476, guid: d7eec9d99ba9de643853264154aa4f28,
        type: 3}
      propertyPath: m_ConnectedAnchor.x
      value: -0.12213356
      objectReference: {fileID: 0}
    - target: {fileID: 6632834613791049476, guid: d7eec9d99ba9de643853264154aa4f28,
        type: 3}
      propertyPath: m_ConnectedAnchor.y
      value: 0.0113319345
      objectReference: {fileID: 0}
    - target: {fileID: 6632834613791049476, guid: d7eec9d99ba9de643853264154aa4f28,
        type: 3}
      propertyPath: m_ConnectedAnchor.z
      value: -0.06890619
      objectReference: {fileID: 0}
    - target: {fileID: 6632834613909820488, guid: d7eec9d99ba9de643853264154aa4f28,
        type: 3}
      propertyPath: m_ConnectedAnchor.z
      value: -0.06890619
      objectReference: {fileID: 0}
    - target: {fileID: 6655223893436652892, guid: d7eec9d99ba9de643853264154aa4f28,
        type: 3}
      propertyPath: m_ConnectedAnchor.z
      value: -0.1917243
      objectReference: {fileID: 0}
    - target: {fileID: 6655223893555875344, guid: d7eec9d99ba9de643853264154aa4f28,
        type: 3}
      propertyPath: m_ConnectedAnchor.z
      value: -0.1917243
      objectReference: {fileID: 0}
    - target: {fileID: 6655223894352444121, guid: d7eec9d99ba9de643853264154aa4f28,
        type: 3}
      propertyPath: m_ConnectedAnchor.z
      value: -0.19172302
      objectReference: {fileID: 0}
    - target: {fileID: 6953443081390054576, guid: d7eec9d99ba9de643853264154aa4f28,
        type: 3}
      propertyPath: m_ConnectedAnchor.x
      value: -0.2383703
      objectReference: {fileID: 0}
    - target: {fileID: 6953443081390054576, guid: d7eec9d99ba9de643853264154aa4f28,
        type: 3}
      propertyPath: m_ConnectedAnchor.y
      value: 0.03532458
      objectReference: {fileID: 0}
    - target: {fileID: 6953443081390054576, guid: d7eec9d99ba9de643853264154aa4f28,
        type: 3}
      propertyPath: m_ConnectedAnchor.z
      value: -0.0012607613
      objectReference: {fileID: 0}
    - target: {fileID: 6953443082320767097, guid: d7eec9d99ba9de643853264154aa4f28,
        type: 3}
      propertyPath: m_ConnectedAnchor.x
      value: -0.23837149
      objectReference: {fileID: 0}
    - target: {fileID: 6953443082320767097, guid: d7eec9d99ba9de643853264154aa4f28,
        type: 3}
      propertyPath: m_ConnectedAnchor.y
      value: 0.035324715
      objectReference: {fileID: 0}
    - target: {fileID: 6953443082320767097, guid: d7eec9d99ba9de643853264154aa4f28,
        type: 3}
      propertyPath: m_ConnectedAnchor.z
      value: -0.0012605728
      objectReference: {fileID: 0}
    - target: {fileID: 6953443082449500981, guid: d7eec9d99ba9de643853264154aa4f28,
        type: 3}
      propertyPath: m_ConnectedAnchor.x
      value: -0.23837149
      objectReference: {fileID: 0}
    - target: {fileID: 6953443082449500981, guid: d7eec9d99ba9de643853264154aa4f28,
        type: 3}
      propertyPath: m_ConnectedAnchor.y
      value: 0.035324734
      objectReference: {fileID: 0}
    - target: {fileID: 6953443082449500981, guid: d7eec9d99ba9de643853264154aa4f28,
        type: 3}
      propertyPath: m_ConnectedAnchor.z
      value: -0.0012604472
      objectReference: {fileID: 0}
    - target: {fileID: 7440384497334885342, guid: d7eec9d99ba9de643853264154aa4f28,
        type: 3}
      propertyPath: target
      value: 
      objectReference: {fileID: 467948131}
    - target: {fileID: 7440384498016091227, guid: d7eec9d99ba9de643853264154aa4f28,
        type: 3}
      propertyPath: target
      value: 
      objectReference: {fileID: 467948131}
    - target: {fileID: 7440384498149011223, guid: d7eec9d99ba9de643853264154aa4f28,
        type: 3}
      propertyPath: target
      value: 
      objectReference: {fileID: 467948131}
    - target: {fileID: 7440384499004864896, guid: d7eec9d99ba9de643853264154aa4f28,
        type: 3}
      propertyPath: target
      value: 
      objectReference: {fileID: 467948131}
    - target: {fileID: 7695018374312089669, guid: d7eec9d99ba9de643853264154aa4f28,
        type: 3}
      propertyPath: m_ConnectedAnchor.x
      value: 0.24062127
      objectReference: {fileID: 0}
    - target: {fileID: 7695018374312089669, guid: d7eec9d99ba9de643853264154aa4f28,
        type: 3}
      propertyPath: m_ConnectedAnchor.y
      value: 0.005143551
      objectReference: {fileID: 0}
    - target: {fileID: 7695018374312089669, guid: d7eec9d99ba9de643853264154aa4f28,
        type: 3}
      propertyPath: m_ConnectedAnchor.z
      value: -0.012118237
      objectReference: {fileID: 0}
    - target: {fileID: 7695018375092595852, guid: d7eec9d99ba9de643853264154aa4f28,
        type: 3}
      propertyPath: m_ConnectedAnchor.y
      value: 0.0051435214
      objectReference: {fileID: 0}
    - target: {fileID: 7695018375092595852, guid: d7eec9d99ba9de643853264154aa4f28,
        type: 3}
      propertyPath: m_ConnectedAnchor.z
      value: -0.012117934
      objectReference: {fileID: 0}
    - target: {fileID: 7695018375228145600, guid: d7eec9d99ba9de643853264154aa4f28,
        type: 3}
      propertyPath: m_ConnectedAnchor.x
      value: 0.24062012
      objectReference: {fileID: 0}
    - target: {fileID: 7695018375228145600, guid: d7eec9d99ba9de643853264154aa4f28,
        type: 3}
      propertyPath: m_ConnectedAnchor.y
      value: 0.0051435027
      objectReference: {fileID: 0}
    - target: {fileID: 7695018375228145600, guid: d7eec9d99ba9de643853264154aa4f28,
        type: 3}
      propertyPath: m_ConnectedAnchor.z
      value: -0.012117843
      objectReference: {fileID: 0}
    - target: {fileID: 7695018375847623195, guid: d7eec9d99ba9de643853264154aa4f28,
        type: 3}
      propertyPath: m_ConnectedAnchor.x
      value: 0.24062002
      objectReference: {fileID: 0}
    - target: {fileID: 7695018375847623195, guid: d7eec9d99ba9de643853264154aa4f28,
        type: 3}
      propertyPath: m_ConnectedAnchor.y
      value: 0.0051435307
      objectReference: {fileID: 0}
    - target: {fileID: 7695018375847623195, guid: d7eec9d99ba9de643853264154aa4f28,
        type: 3}
      propertyPath: m_ConnectedAnchor.z
      value: -0.012118166
      objectReference: {fileID: 0}
    m_RemovedComponents: []
  m_SourcePrefab: {fileID: 100100000, guid: d7eec9d99ba9de643853264154aa4f28, type: 3}
--- !u!1001 &5556353623957645853
PrefabInstance:
  m_ObjectHideFlags: 0
  serializedVersion: 2
  m_Modification:
    m_TransformParent: {fileID: 586345743724354577}
    m_Modifications:
    - target: {fileID: 1548653782606912899, guid: 43d7a2e99acee46469dd55380c0f20fa,
        type: 3}
      propertyPath: target
      value: 
      objectReference: {fileID: 467948131}
    - target: {fileID: 1548653782610957418, guid: 43d7a2e99acee46469dd55380c0f20fa,
        type: 3}
      propertyPath: target
      value: 
      objectReference: {fileID: 467948131}
    - target: {fileID: 1548653782625437109, guid: 43d7a2e99acee46469dd55380c0f20fa,
        type: 3}
      propertyPath: target
      value: 
      objectReference: {fileID: 467948131}
    - target: {fileID: 1548653782804854400, guid: 43d7a2e99acee46469dd55380c0f20fa,
        type: 3}
      propertyPath: target
      value: 
      objectReference: {fileID: 467948131}
    - target: {fileID: 1548653783000940925, guid: 43d7a2e99acee46469dd55380c0f20fa,
        type: 3}
      propertyPath: target
      value: 
      objectReference: {fileID: 467948131}
    - target: {fileID: 1548653783010934017, guid: 43d7a2e99acee46469dd55380c0f20fa,
        type: 3}
      propertyPath: target
      value: 
      objectReference: {fileID: 467948131}
    - target: {fileID: 1548653783145584798, guid: 43d7a2e99acee46469dd55380c0f20fa,
        type: 3}
      propertyPath: target
      value: 
      objectReference: {fileID: 467948131}
    - target: {fileID: 1548653783145618030, guid: 43d7a2e99acee46469dd55380c0f20fa,
        type: 3}
      propertyPath: target
      value: 
      objectReference: {fileID: 467948131}
    - target: {fileID: 1548653783167713111, guid: 43d7a2e99acee46469dd55380c0f20fa,
        type: 3}
      propertyPath: target
      value: 
      objectReference: {fileID: 467948131}
    - target: {fileID: 1548653783198129541, guid: 43d7a2e99acee46469dd55380c0f20fa,
        type: 3}
      propertyPath: target
      value: 
      objectReference: {fileID: 467948131}
    - target: {fileID: 1548653783287769362, guid: 43d7a2e99acee46469dd55380c0f20fa,
        type: 3}
      propertyPath: target
      value: 
      objectReference: {fileID: 467948131}
    - target: {fileID: 1548653783368165609, guid: 43d7a2e99acee46469dd55380c0f20fa,
        type: 3}
      propertyPath: target
      value: 
      objectReference: {fileID: 467948131}
    - target: {fileID: 1548653783493127753, guid: 43d7a2e99acee46469dd55380c0f20fa,
        type: 3}
      propertyPath: target
      value: 
      objectReference: {fileID: 467948131}
    - target: {fileID: 1548653783608527610, guid: 43d7a2e99acee46469dd55380c0f20fa,
        type: 3}
      propertyPath: target
      value: 
      objectReference: {fileID: 467948131}
    - target: {fileID: 1548653783667277551, guid: 43d7a2e99acee46469dd55380c0f20fa,
        type: 3}
      propertyPath: target
      value: 
      objectReference: {fileID: 467948131}
    - target: {fileID: 1548653783979882725, guid: 43d7a2e99acee46469dd55380c0f20fa,
        type: 3}
      propertyPath: target
      value: 
      objectReference: {fileID: 467948131}
    - target: {fileID: 1548653784104652452, guid: 43d7a2e99acee46469dd55380c0f20fa,
        type: 3}
      propertyPath: target
      value: 
      objectReference: {fileID: 467948131}
    - target: {fileID: 1548653784234995364, guid: 43d7a2e99acee46469dd55380c0f20fa,
        type: 3}
      propertyPath: target
      value: 
      objectReference: {fileID: 467948131}
    - target: {fileID: 1548653784429874122, guid: 43d7a2e99acee46469dd55380c0f20fa,
        type: 3}
      propertyPath: target
      value: 
      objectReference: {fileID: 467948131}
    - target: {fileID: 1548653784663193084, guid: 43d7a2e99acee46469dd55380c0f20fa,
        type: 3}
      propertyPath: target
      value: 
      objectReference: {fileID: 467948131}
    - target: {fileID: 1548653784729379185, guid: 43d7a2e99acee46469dd55380c0f20fa,
        type: 3}
      propertyPath: target
      value: 
      objectReference: {fileID: 467948131}
    - target: {fileID: 4989773390912808828, guid: 43d7a2e99acee46469dd55380c0f20fa,
        type: 3}
      propertyPath: m_LocalPosition.x
      value: -87
      objectReference: {fileID: 0}
    - target: {fileID: 4989773390912808828, guid: 43d7a2e99acee46469dd55380c0f20fa,
        type: 3}
      propertyPath: m_LocalPosition.y
      value: 0
      objectReference: {fileID: 0}
    - target: {fileID: 4989773390912808828, guid: 43d7a2e99acee46469dd55380c0f20fa,
        type: 3}
      propertyPath: m_LocalPosition.z
      value: -15.5
      objectReference: {fileID: 0}
    - target: {fileID: 4989773390912808828, guid: 43d7a2e99acee46469dd55380c0f20fa,
        type: 3}
      propertyPath: m_LocalRotation.x
      value: -0
      objectReference: {fileID: 0}
    - target: {fileID: 4989773390912808828, guid: 43d7a2e99acee46469dd55380c0f20fa,
        type: 3}
      propertyPath: m_LocalRotation.y
      value: -0
      objectReference: {fileID: 0}
    - target: {fileID: 4989773390912808828, guid: 43d7a2e99acee46469dd55380c0f20fa,
        type: 3}
      propertyPath: m_LocalRotation.z
      value: -0
      objectReference: {fileID: 0}
    - target: {fileID: 4989773390912808828, guid: 43d7a2e99acee46469dd55380c0f20fa,
        type: 3}
      propertyPath: m_LocalRotation.w
      value: 1
      objectReference: {fileID: 0}
    - target: {fileID: 4989773390912808828, guid: 43d7a2e99acee46469dd55380c0f20fa,
        type: 3}
      propertyPath: m_RootOrder
      value: 4
      objectReference: {fileID: 0}
    - target: {fileID: 4989773390912808828, guid: 43d7a2e99acee46469dd55380c0f20fa,
        type: 3}
      propertyPath: m_LocalEulerAnglesHint.x
      value: 0
      objectReference: {fileID: 0}
    - target: {fileID: 4989773390912808828, guid: 43d7a2e99acee46469dd55380c0f20fa,
        type: 3}
      propertyPath: m_LocalEulerAnglesHint.y
      value: 0
      objectReference: {fileID: 0}
    - target: {fileID: 4989773390912808828, guid: 43d7a2e99acee46469dd55380c0f20fa,
        type: 3}
      propertyPath: m_LocalEulerAnglesHint.z
      value: 0
      objectReference: {fileID: 0}
    - target: {fileID: 4989773390912808829, guid: 43d7a2e99acee46469dd55380c0f20fa,
        type: 3}
      propertyPath: m_Name
      value: Workspace_and_Cantina
      objectReference: {fileID: 0}
    - target: {fileID: 5556353625146000171, guid: 43d7a2e99acee46469dd55380c0f20fa,
        type: 3}
      propertyPath: spawnObjects.Array.size
      value: 3
      objectReference: {fileID: 0}
    - target: {fileID: 5556353625146000171, guid: 43d7a2e99acee46469dd55380c0f20fa,
        type: 3}
      propertyPath: spawnObjects.Array.data[2]
      value: 
      objectReference: {fileID: 7129943342181622834, guid: 8ea0347ac14fff74a9e332f6de7a3076,
        type: 3}
    m_RemovedComponents: []
  m_SourcePrefab: {fileID: 100100000, guid: 43d7a2e99acee46469dd55380c0f20fa, type: 3}
--- !u!1001 &8131886930340854542
PrefabInstance:
  m_ObjectHideFlags: 0
  serializedVersion: 2
  m_Modification:
    m_TransformParent: {fileID: 586345743724354577}
    m_Modifications:
    - target: {fileID: 8131886930392914204, guid: b788c4a5aa873204fad74b2bbc4f790d,
        type: 3}
      propertyPath: m_Name
      value: Corridor_Workspace_Warehouse
      objectReference: {fileID: 0}
    - target: {fileID: 8131886930798027694, guid: b788c4a5aa873204fad74b2bbc4f790d,
        type: 3}
      propertyPath: associatedRoomBack
      value: 
      objectReference: {fileID: 586345743711653218}
    - target: {fileID: 8131886930798027694, guid: b788c4a5aa873204fad74b2bbc4f790d,
        type: 3}
      propertyPath: associatedRoomBackTransform
      value: 
      objectReference: {fileID: 2140929793}
    - target: {fileID: 8131886930891332037, guid: b788c4a5aa873204fad74b2bbc4f790d,
        type: 3}
      propertyPath: associatedRoomFront
      value: 
      objectReference: {fileID: 586345743251335419}
    - target: {fileID: 8131886930891332037, guid: b788c4a5aa873204fad74b2bbc4f790d,
        type: 3}
      propertyPath: associatedRoomFrontTransform
      value: 
      objectReference: {fileID: 1086691097}
    - target: {fileID: 8717097840103206008, guid: b788c4a5aa873204fad74b2bbc4f790d,
        type: 3}
      propertyPath: m_LocalPosition.x
      value: -66
      objectReference: {fileID: 0}
    - target: {fileID: 8717097840103206008, guid: b788c4a5aa873204fad74b2bbc4f790d,
        type: 3}
      propertyPath: m_LocalPosition.y
      value: 0
      objectReference: {fileID: 0}
    - target: {fileID: 8717097840103206008, guid: b788c4a5aa873204fad74b2bbc4f790d,
        type: 3}
      propertyPath: m_LocalPosition.z
      value: 16
      objectReference: {fileID: 0}
    - target: {fileID: 8717097840103206008, guid: b788c4a5aa873204fad74b2bbc4f790d,
        type: 3}
      propertyPath: m_LocalRotation.x
      value: -0
      objectReference: {fileID: 0}
    - target: {fileID: 8717097840103206008, guid: b788c4a5aa873204fad74b2bbc4f790d,
        type: 3}
      propertyPath: m_LocalRotation.y
      value: -0
      objectReference: {fileID: 0}
    - target: {fileID: 8717097840103206008, guid: b788c4a5aa873204fad74b2bbc4f790d,
        type: 3}
      propertyPath: m_LocalRotation.z
      value: -0
      objectReference: {fileID: 0}
    - target: {fileID: 8717097840103206008, guid: b788c4a5aa873204fad74b2bbc4f790d,
        type: 3}
      propertyPath: m_LocalRotation.w
      value: 1
      objectReference: {fileID: 0}
    - target: {fileID: 8717097840103206008, guid: b788c4a5aa873204fad74b2bbc4f790d,
        type: 3}
      propertyPath: m_RootOrder
      value: 5
      objectReference: {fileID: 0}
    - target: {fileID: 8717097840103206008, guid: b788c4a5aa873204fad74b2bbc4f790d,
        type: 3}
      propertyPath: m_LocalEulerAnglesHint.x
      value: 0
      objectReference: {fileID: 0}
    - target: {fileID: 8717097840103206008, guid: b788c4a5aa873204fad74b2bbc4f790d,
        type: 3}
      propertyPath: m_LocalEulerAnglesHint.y
      value: 0
      objectReference: {fileID: 0}
    - target: {fileID: 8717097840103206008, guid: b788c4a5aa873204fad74b2bbc4f790d,
        type: 3}
      propertyPath: m_LocalEulerAnglesHint.z
      value: 0
      objectReference: {fileID: 0}
    m_RemovedComponents: []
  m_SourcePrefab: {fileID: 100100000, guid: b788c4a5aa873204fad74b2bbc4f790d, type: 3}
--- !u!1001 &9071147051484522626
PrefabInstance:
  m_ObjectHideFlags: 0
  serializedVersion: 2
  m_Modification:
    m_TransformParent: {fileID: 586345743724354577}
    m_Modifications:
    - target: {fileID: 8484832784012917888, guid: d6b84473306670e42bf7a22922f2d4b6,
        type: 3}
      propertyPath: m_Name
      value: Corridor_Badge_Changing
      objectReference: {fileID: 0}
    - target: {fileID: 8484832784012917889, guid: d6b84473306670e42bf7a22922f2d4b6,
        type: 3}
      propertyPath: m_LocalPosition.x
      value: -20
      objectReference: {fileID: 0}
    - target: {fileID: 8484832784012917889, guid: d6b84473306670e42bf7a22922f2d4b6,
        type: 3}
      propertyPath: m_LocalPosition.y
      value: 0
      objectReference: {fileID: 0}
    - target: {fileID: 8484832784012917889, guid: d6b84473306670e42bf7a22922f2d4b6,
        type: 3}
      propertyPath: m_LocalPosition.z
      value: -2
      objectReference: {fileID: 0}
    - target: {fileID: 8484832784012917889, guid: d6b84473306670e42bf7a22922f2d4b6,
        type: 3}
      propertyPath: m_LocalRotation.x
      value: -0
      objectReference: {fileID: 0}
    - target: {fileID: 8484832784012917889, guid: d6b84473306670e42bf7a22922f2d4b6,
        type: 3}
      propertyPath: m_LocalRotation.y
      value: -0
      objectReference: {fileID: 0}
    - target: {fileID: 8484832784012917889, guid: d6b84473306670e42bf7a22922f2d4b6,
        type: 3}
      propertyPath: m_LocalRotation.z
      value: -0
      objectReference: {fileID: 0}
    - target: {fileID: 8484832784012917889, guid: d6b84473306670e42bf7a22922f2d4b6,
        type: 3}
      propertyPath: m_LocalRotation.w
      value: 1
      objectReference: {fileID: 0}
    - target: {fileID: 8484832784012917889, guid: d6b84473306670e42bf7a22922f2d4b6,
        type: 3}
      propertyPath: m_RootOrder
      value: 1
      objectReference: {fileID: 0}
    - target: {fileID: 8484832784012917889, guid: d6b84473306670e42bf7a22922f2d4b6,
        type: 3}
      propertyPath: m_LocalEulerAnglesHint.x
      value: 0
      objectReference: {fileID: 0}
    - target: {fileID: 8484832784012917889, guid: d6b84473306670e42bf7a22922f2d4b6,
        type: 3}
      propertyPath: m_LocalEulerAnglesHint.y
      value: 0
      objectReference: {fileID: 0}
    - target: {fileID: 8484832784012917889, guid: d6b84473306670e42bf7a22922f2d4b6,
        type: 3}
      propertyPath: m_LocalEulerAnglesHint.z
      value: 0
      objectReference: {fileID: 0}
    - target: {fileID: 9071147051188882087, guid: d6b84473306670e42bf7a22922f2d4b6,
        type: 3}
      propertyPath: associatedRoomBack
      value: 
      objectReference: {fileID: 586345742665056086}
    - target: {fileID: 9071147051188882087, guid: d6b84473306670e42bf7a22922f2d4b6,
        type: 3}
      propertyPath: associatedRoomBackTransform
      value: 
      objectReference: {fileID: 1214112763}
    - target: {fileID: 9071147051233096859, guid: d6b84473306670e42bf7a22922f2d4b6,
        type: 3}
      propertyPath: associatedRoomFront
      value: 
      objectReference: {fileID: 586345742832910332}
    - target: {fileID: 9071147051233096859, guid: d6b84473306670e42bf7a22922f2d4b6,
        type: 3}
      propertyPath: associatedRoomFrontTransform
      value: 
      objectReference: {fileID: 332298127}
    m_RemovedComponents: []
  m_SourcePrefab: {fileID: 100100000, guid: d6b84473306670e42bf7a22922f2d4b6, type: 3}
--- !u!1001 &9088855538989485722
PrefabInstance:
  m_ObjectHideFlags: 0
  serializedVersion: 2
  m_Modification:
    m_TransformParent: {fileID: 586345743724354577}
    m_Modifications:
    - target: {fileID: 2757284558703165227, guid: c65fc6d665b1abf4b83f80e3dce51429,
        type: 3}
      propertyPath: target
      value: 
      objectReference: {fileID: 467948131}
    - target: {fileID: 2757284558741850362, guid: c65fc6d665b1abf4b83f80e3dce51429,
        type: 3}
      propertyPath: target
      value: 
      objectReference: {fileID: 467948131}
    - target: {fileID: 2757284559082743622, guid: c65fc6d665b1abf4b83f80e3dce51429,
        type: 3}
      propertyPath: target
      value: 
      objectReference: {fileID: 467948131}
    - target: {fileID: 2757284559090726717, guid: c65fc6d665b1abf4b83f80e3dce51429,
        type: 3}
      propertyPath: target
      value: 
      objectReference: {fileID: 467948131}
    - target: {fileID: 2757284559141608149, guid: c65fc6d665b1abf4b83f80e3dce51429,
        type: 3}
      propertyPath: target
      value: 
      objectReference: {fileID: 467948131}
    - target: {fileID: 2757284559255654948, guid: c65fc6d665b1abf4b83f80e3dce51429,
        type: 3}
      propertyPath: target
      value: 
      objectReference: {fileID: 467948131}
    - target: {fileID: 2757284559284643128, guid: c65fc6d665b1abf4b83f80e3dce51429,
        type: 3}
      propertyPath: target
      value: 
      objectReference: {fileID: 467948131}
    - target: {fileID: 2757284559757763419, guid: c65fc6d665b1abf4b83f80e3dce51429,
        type: 3}
      propertyPath: target
      value: 
      objectReference: {fileID: 467948131}
    - target: {fileID: 2757284560045997642, guid: c65fc6d665b1abf4b83f80e3dce51429,
        type: 3}
      propertyPath: target
      value: 
      objectReference: {fileID: 467948131}
    - target: {fileID: 2757284560192543712, guid: c65fc6d665b1abf4b83f80e3dce51429,
        type: 3}
      propertyPath: target
      value: 
      objectReference: {fileID: 467948131}
    - target: {fileID: 2757284560286641114, guid: c65fc6d665b1abf4b83f80e3dce51429,
        type: 3}
      propertyPath: target
      value: 
      objectReference: {fileID: 467948131}
    - target: {fileID: 2757284560325406625, guid: c65fc6d665b1abf4b83f80e3dce51429,
        type: 3}
      propertyPath: target
      value: 
      objectReference: {fileID: 467948131}
    - target: {fileID: 8503086015194441312, guid: c65fc6d665b1abf4b83f80e3dce51429,
        type: 3}
      propertyPath: m_LocalPosition.x
      value: -67.5
      objectReference: {fileID: 0}
    - target: {fileID: 8503086015194441312, guid: c65fc6d665b1abf4b83f80e3dce51429,
        type: 3}
      propertyPath: m_LocalPosition.y
      value: 0
      objectReference: {fileID: 0}
    - target: {fileID: 8503086015194441312, guid: c65fc6d665b1abf4b83f80e3dce51429,
        type: 3}
      propertyPath: m_LocalPosition.z
      value: 47
      objectReference: {fileID: 0}
    - target: {fileID: 8503086015194441312, guid: c65fc6d665b1abf4b83f80e3dce51429,
        type: 3}
      propertyPath: m_LocalRotation.x
      value: 0
      objectReference: {fileID: 0}
    - target: {fileID: 8503086015194441312, guid: c65fc6d665b1abf4b83f80e3dce51429,
        type: 3}
      propertyPath: m_LocalRotation.y
      value: 0
      objectReference: {fileID: 0}
    - target: {fileID: 8503086015194441312, guid: c65fc6d665b1abf4b83f80e3dce51429,
        type: 3}
      propertyPath: m_LocalRotation.z
      value: 0
      objectReference: {fileID: 0}
    - target: {fileID: 8503086015194441312, guid: c65fc6d665b1abf4b83f80e3dce51429,
        type: 3}
      propertyPath: m_LocalRotation.w
      value: 1
      objectReference: {fileID: 0}
    - target: {fileID: 8503086015194441312, guid: c65fc6d665b1abf4b83f80e3dce51429,
        type: 3}
      propertyPath: m_RootOrder
      value: 6
      objectReference: {fileID: 0}
    - target: {fileID: 8503086015194441312, guid: c65fc6d665b1abf4b83f80e3dce51429,
        type: 3}
      propertyPath: m_LocalEulerAnglesHint.x
      value: 0
      objectReference: {fileID: 0}
    - target: {fileID: 8503086015194441312, guid: c65fc6d665b1abf4b83f80e3dce51429,
        type: 3}
      propertyPath: m_LocalEulerAnglesHint.y
      value: 0
      objectReference: {fileID: 0}
    - target: {fileID: 8503086015194441312, guid: c65fc6d665b1abf4b83f80e3dce51429,
        type: 3}
      propertyPath: m_LocalEulerAnglesHint.z
      value: 0
      objectReference: {fileID: 0}
    - target: {fileID: 8503086015194441315, guid: c65fc6d665b1abf4b83f80e3dce51429,
        type: 3}
      propertyPath: m_Name
      value: Warehouse
      objectReference: {fileID: 0}
    m_RemovedComponents: []
  m_SourcePrefab: {fileID: 100100000, guid: c65fc6d665b1abf4b83f80e3dce51429, type: 3}
