%YAML 1.1
%TAG !u! tag:unity3d.com,2011:
--- !u!1 &938784478
GameObject:
  m_ObjectHideFlags: 0
  m_CorrespondingSourceObject: {fileID: 0}
  m_PrefabInstance: {fileID: 0}
  m_PrefabAsset: {fileID: 0}
  serializedVersion: 6
  m_Component:
  - component: {fileID: 938784479}
  m_Layer: 12
  m_Name: ThrowPosition
  m_TagString: Untagged
  m_Icon: {fileID: 0}
  m_NavMeshLayer: 0
  m_StaticEditorFlags: 0
  m_IsActive: 1
--- !u!4 &938784479
Transform:
  m_ObjectHideFlags: 0
  m_CorrespondingSourceObject: {fileID: 0}
  m_PrefabInstance: {fileID: 0}
  m_PrefabAsset: {fileID: 0}
  m_GameObject: {fileID: 938784478}
  m_LocalRotation: {x: 0, y: 0, z: 0, w: 1}
  m_LocalPosition: {x: 0.071, y: 0.048, z: -0}
  m_LocalScale: {x: 1, y: 1, z: 1}
  m_Children:
  - {fileID: 989003698}
  m_Father: {fileID: 5797449319210708478}
  m_RootOrder: 5
  m_LocalEulerAnglesHint: {x: 0, y: 0, z: 0}
--- !u!1 &989003697
GameObject:
  m_ObjectHideFlags: 0
  m_CorrespondingSourceObject: {fileID: 0}
  m_PrefabInstance: {fileID: 0}
  m_PrefabAsset: {fileID: 0}
  serializedVersion: 6
  m_Component:
  - component: {fileID: 989003698}
  - component: {fileID: 989003699}
  - component: {fileID: 989003701}
  - component: {fileID: 989003700}
  - component: {fileID: 989003702}
  - component: {fileID: 989003703}
  m_Layer: 12
  m_Name: ThrowObject
  m_TagString: Throw
  m_Icon: {fileID: 0}
  m_NavMeshLayer: 0
  m_StaticEditorFlags: 0
  m_IsActive: 1
--- !u!4 &989003698
Transform:
  m_ObjectHideFlags: 0
  m_CorrespondingSourceObject: {fileID: 0}
  m_PrefabInstance: {fileID: 0}
  m_PrefabAsset: {fileID: 0}
  m_GameObject: {fileID: 989003697}
  m_LocalRotation: {x: 0, y: 0, z: 0, w: 1}
  m_LocalPosition: {x: 0, y: 0, z: 0}
  m_LocalScale: {x: 0.1, y: 0.1, z: 0.1}
  m_Children: []
  m_Father: {fileID: 938784479}
  m_RootOrder: 0
  m_LocalEulerAnglesHint: {x: 0, y: 0, z: 0}
--- !u!114 &989003699
MonoBehaviour:
  m_ObjectHideFlags: 0
  m_CorrespondingSourceObject: {fileID: 0}
  m_PrefabInstance: {fileID: 0}
  m_PrefabAsset: {fileID: 0}
  m_GameObject: {fileID: 989003697}
  m_Enabled: 1
  m_EditorHideFlags: 0
  m_Script: {fileID: 11500000, guid: a32534cc570d5c64ba0722e68f82da14, type: 3}
  m_Name: 
  m_EditorClassIdentifier: 
  minDist: 0.5
  speed: 4
  targetPosition: {x: 0, y: 0, z: 0}
--- !u!33 &989003701
MeshFilter:
  m_ObjectHideFlags: 0
  m_CorrespondingSourceObject: {fileID: 0}
  m_PrefabInstance: {fileID: 0}
  m_PrefabAsset: {fileID: 0}
  m_GameObject: {fileID: 989003697}
  m_Mesh: {fileID: 10207, guid: 0000000000000000e000000000000000, type: 0}
--- !u!23 &989003700
MeshRenderer:
  m_ObjectHideFlags: 0
  m_CorrespondingSourceObject: {fileID: 0}
  m_PrefabInstance: {fileID: 0}
  m_PrefabAsset: {fileID: 0}
  m_GameObject: {fileID: 989003697}
  m_Enabled: 1
  m_CastShadows: 1
  m_ReceiveShadows: 1
  m_DynamicOccludee: 1
  m_MotionVectors: 1
  m_LightProbeUsage: 1
  m_ReflectionProbeUsage: 1
  m_RayTracingMode: 2
  m_RenderingLayerMask: 1
  m_RendererPriority: 0
  m_Materials:
  - {fileID: 2100000, guid: bd0bb729cb6159b4ab21c5f62cad24ee, type: 3}
  m_StaticBatchInfo:
    firstSubMesh: 0
    subMeshCount: 0
  m_StaticBatchRoot: {fileID: 0}
  m_ProbeAnchor: {fileID: 0}
  m_LightProbeVolumeOverride: {fileID: 0}
  m_ScaleInLightmap: 1
  m_ReceiveGI: 1
  m_PreserveUVs: 0
  m_IgnoreNormalsForChartDetection: 0
  m_ImportantGI: 0
  m_StitchLightmapSeams: 1
  m_SelectedEditorRenderState: 3
  m_MinimumChartSize: 4
  m_AutoUVMaxDistance: 0.5
  m_AutoUVMaxAngle: 89
  m_LightmapParameters: {fileID: 0}
  m_SortingLayerID: 0
  m_SortingLayer: 0
  m_SortingOrder: 0
--- !u!54 &989003702
Rigidbody:
  m_ObjectHideFlags: 0
  m_CorrespondingSourceObject: {fileID: 0}
  m_PrefabInstance: {fileID: 0}
  m_PrefabAsset: {fileID: 0}
  m_GameObject: {fileID: 989003697}
  serializedVersion: 2
  m_Mass: 0.2
  m_Drag: 0
  m_AngularDrag: 0.05
  m_UseGravity: 0
  m_IsKinematic: 0
  m_Interpolate: 0
  m_Constraints: 112
  m_CollisionDetection: 1
--- !u!136 &989003703
CapsuleCollider:
  m_ObjectHideFlags: 0
  m_CorrespondingSourceObject: {fileID: 0}
  m_PrefabInstance: {fileID: 0}
  m_PrefabAsset: {fileID: 0}
  m_GameObject: {fileID: 989003697}
  m_Material: {fileID: 0}
  m_IsTrigger: 0
  m_Enabled: 1
  m_Radius: 0.50000024
  m_Height: 1.0000004
  m_Direction: 1
  m_Center: {x: 0.0000009536743, y: -0.0000019073486, z: 0.00000047683716}
--- !u!54 &9129801387505596519
Rigidbody:
  m_ObjectHideFlags: 0
  m_CorrespondingSourceObject: {fileID: 0}
  m_PrefabInstance: {fileID: 0}
  m_PrefabAsset: {fileID: 0}
  m_GameObject: {fileID: 53947762248587899}
  serializedVersion: 2
  m_Mass: 1.875
  m_Drag: 0
  m_AngularDrag: 0.05
  m_UseGravity: 1
  m_IsKinematic: 0
  m_Interpolate: 0
  m_Constraints: 0
  m_CollisionDetection: 0
--- !u!136 &365193258875433046
CapsuleCollider:
  m_ObjectHideFlags: 0
  m_CorrespondingSourceObject: {fileID: 0}
  m_PrefabInstance: {fileID: 0}
  m_PrefabAsset: {fileID: 0}
  m_GameObject: {fileID: 53947762248587899}
  m_Material: {fileID: 0}
  m_IsTrigger: 0
  m_Enabled: 1
  m_Radius: 0.11152031
  m_Height: 0.37173435
  m_Direction: 0
  m_Center: {x: 0.18586718, y: 0, z: 0}
--- !u!144 &8274811756718307071
CharacterJoint:
  m_ObjectHideFlags: 0
  m_CorrespondingSourceObject: {fileID: 0}
  m_PrefabInstance: {fileID: 0}
  m_PrefabAsset: {fileID: 0}
  m_GameObject: {fileID: 53947762248587899}
  m_ConnectedBody: {fileID: 7630852923679679590}
  m_Anchor: {x: 0, y: 0, z: 0}
  m_Axis: {x: 0, y: 0, z: 1}
  m_AutoConfigureConnectedAnchor: 1
  m_ConnectedAnchor: {x: -0.12213354, y: 0.011331768, z: 0.06890572}
  serializedVersion: 2
  m_SwingAxis: {x: 1, y: 0, z: 0}
  m_TwistLimitSpring:
    spring: 0
    damper: 0
  m_LowTwistLimit:
    limit: -20
    bounciness: 0
    contactDistance: 0
  m_HighTwistLimit:
    limit: 70
    bounciness: 0
    contactDistance: 0
  m_SwingLimitSpring:
    spring: 0
    damper: 0
  m_Swing1Limit:
    limit: 30
    bounciness: 0
    contactDistance: 0
  m_Swing2Limit:
    limit: 0
    bounciness: 0
    contactDistance: 0
  m_EnableProjection: 0
  m_ProjectionDistance: 0.1
  m_ProjectionAngle: 180
  m_BreakForce: Infinity
  m_BreakTorque: Infinity
  m_EnableCollision: 0
  m_EnablePreprocessing: 0
  m_MassScale: 1
  m_ConnectedMassScale: 1
--- !u!54 &5209768350458255850
Rigidbody:
  m_ObjectHideFlags: 0
  m_CorrespondingSourceObject: {fileID: 0}
  m_PrefabInstance: {fileID: 0}
  m_PrefabAsset: {fileID: 0}
  m_GameObject: {fileID: 2210081252057570028}
  serializedVersion: 2
  m_Mass: 1.25
  m_Drag: 0
  m_AngularDrag: 0.05
  m_UseGravity: 1
  m_IsKinematic: 0
  m_Interpolate: 0
  m_Constraints: 0
  m_CollisionDetection: 0
--- !u!136 &6114927829016793818
CapsuleCollider:
  m_ObjectHideFlags: 0
  m_CorrespondingSourceObject: {fileID: 0}
  m_PrefabInstance: {fileID: 0}
  m_PrefabAsset: {fileID: 0}
  m_GameObject: {fileID: 2210081252057570028}
  m_Material: {fileID: 0}
  m_IsTrigger: 0
  m_Enabled: 1
  m_Radius: 0.06015507
  m_Height: 0.24062029
  m_Direction: 0
  m_Center: {x: 0.12031014, y: 0, z: 0}
--- !u!144 &7168704619124224233
CharacterJoint:
  m_ObjectHideFlags: 0
  m_CorrespondingSourceObject: {fileID: 0}
  m_PrefabInstance: {fileID: 0}
  m_PrefabAsset: {fileID: 0}
  m_GameObject: {fileID: 2210081252057570028}
  m_ConnectedBody: {fileID: 4484226000292384659}
  m_Anchor: {x: 0, y: 0, z: 0}
  m_Axis: {x: 0, y: 0, z: -1}
  m_AutoConfigureConnectedAnchor: 1
  m_ConnectedAnchor: {x: -0.2601393, y: -0.034614887, z: -0.19172372}
  serializedVersion: 2
  m_SwingAxis: {x: 0, y: 1, z: 0}
  m_TwistLimitSpring:
    spring: 0
    damper: 0
  m_LowTwistLimit:
    limit: -70
    bounciness: 0
    contactDistance: 0
  m_HighTwistLimit:
    limit: 10
    bounciness: 0
    contactDistance: 0
  m_SwingLimitSpring:
    spring: 0
    damper: 0
  m_Swing1Limit:
    limit: 50
    bounciness: 0
    contactDistance: 0
  m_Swing2Limit:
    limit: 0
    bounciness: 0
    contactDistance: 0
  m_EnableProjection: 0
  m_ProjectionDistance: 0.1
  m_ProjectionAngle: 180
  m_BreakForce: Infinity
  m_BreakTorque: Infinity
  m_EnableCollision: 0
  m_EnablePreprocessing: 0
  m_MassScale: 1
  m_ConnectedMassScale: 1
--- !u!54 &7180487550175360768
Rigidbody:
  m_ObjectHideFlags: 0
  m_CorrespondingSourceObject: {fileID: 0}
  m_PrefabInstance: {fileID: 0}
  m_PrefabAsset: {fileID: 0}
  m_GameObject: {fileID: 2744380683236473328}
  serializedVersion: 2
  m_Mass: 1.25
  m_Drag: 0
  m_AngularDrag: 0.05
  m_UseGravity: 1
  m_IsKinematic: 0
  m_Interpolate: 0
  m_Constraints: 0
  m_CollisionDetection: 0
--- !u!135 &5694114683341322861
SphereCollider:
  m_ObjectHideFlags: 0
  m_CorrespondingSourceObject: {fileID: 0}
  m_PrefabInstance: {fileID: 0}
  m_PrefabAsset: {fileID: 0}
  m_GameObject: {fileID: 2744380683236473328}
  m_Material: {fileID: 0}
  m_IsTrigger: 0
  m_Enabled: 1
  serializedVersion: 2
  m_Radius: 0.0958617
  m_Center: {x: -0.0958617, y: 0, z: 0}
--- !u!144 &7876467507653229793
CharacterJoint:
  m_ObjectHideFlags: 0
  m_CorrespondingSourceObject: {fileID: 0}
  m_PrefabInstance: {fileID: 0}
  m_PrefabAsset: {fileID: 0}
  m_GameObject: {fileID: 2744380683236473328}
  m_ConnectedBody: {fileID: 4484226000292384659}
  m_Anchor: {x: 0, y: 0, z: 0}
  m_Axis: {x: 0, y: 0, z: -1}
  m_AutoConfigureConnectedAnchor: 1
  m_ConnectedAnchor: {x: -0.47135207, y: 0.023795612, z: 0.00000012653798}
  serializedVersion: 2
  m_SwingAxis: {x: 1, y: 0, z: 0}
  m_TwistLimitSpring:
    spring: 0
    damper: 0
  m_LowTwistLimit:
    limit: -40
    bounciness: 0
    contactDistance: 0
  m_HighTwistLimit:
    limit: 25
    bounciness: 0
    contactDistance: 0
  m_SwingLimitSpring:
    spring: 0
    damper: 0
  m_Swing1Limit:
    limit: 25
    bounciness: 0
    contactDistance: 0
  m_Swing2Limit:
    limit: 0
    bounciness: 0
    contactDistance: 0
  m_EnableProjection: 0
  m_ProjectionDistance: 0.1
  m_ProjectionAngle: 180
  m_BreakForce: Infinity
  m_BreakTorque: Infinity
  m_EnableCollision: 0
  m_EnablePreprocessing: 0
  m_MassScale: 1
  m_ConnectedMassScale: 1
--- !u!54 &7739713104762380238
Rigidbody:
  m_ObjectHideFlags: 0
  m_CorrespondingSourceObject: {fileID: 0}
  m_PrefabInstance: {fileID: 0}
  m_PrefabAsset: {fileID: 0}
  m_GameObject: {fileID: 2804048046304451010}
  serializedVersion: 2
  m_Mass: 1.875
  m_Drag: 0
  m_AngularDrag: 0.05
  m_UseGravity: 1
  m_IsKinematic: 0
  m_Interpolate: 0
  m_Constraints: 0
  m_CollisionDetection: 0
--- !u!136 &6431461902664002919
CapsuleCollider:
  m_ObjectHideFlags: 0
  m_CorrespondingSourceObject: {fileID: 0}
  m_PrefabInstance: {fileID: 0}
  m_PrefabAsset: {fileID: 0}
  m_GameObject: {fileID: 2804048046304451010}
  m_Material: {fileID: 0}
  m_IsTrigger: 0
  m_Enabled: 1
  m_Radius: 0.12777272
  m_Height: 0.5110909
  m_Direction: 0
  m_Center: {x: -0.25554544, y: 0, z: 0}
--- !u!144 &3492948629519693048
CharacterJoint:
  m_ObjectHideFlags: 0
  m_CorrespondingSourceObject: {fileID: 0}
  m_PrefabInstance: {fileID: 0}
  m_PrefabAsset: {fileID: 0}
  m_GameObject: {fileID: 2804048046304451010}
  m_ConnectedBody: {fileID: 6043974587364541011}
  m_Anchor: {x: 0, y: 0, z: 0}
  m_Axis: {x: 0, y: 0, z: -1}
  m_AutoConfigureConnectedAnchor: 1
  m_ConnectedAnchor: {x: -0.37173396, y: -0.0019967165, z: 0.07303624}
  serializedVersion: 2
  m_SwingAxis: {x: -1, y: 0, z: 0}
  m_TwistLimitSpring:
    spring: 0
    damper: 0
  m_LowTwistLimit:
    limit: -80
    bounciness: 0
    contactDistance: 0
  m_HighTwistLimit:
    limit: 0
    bounciness: 0
    contactDistance: 0
  m_SwingLimitSpring:
    spring: 0
    damper: 0
  m_Swing1Limit:
    limit: 0
    bounciness: 0
    contactDistance: 0
  m_Swing2Limit:
    limit: 0
    bounciness: 0
    contactDistance: 0
  m_EnableProjection: 0
  m_ProjectionDistance: 0.1
  m_ProjectionAngle: 180
  m_BreakForce: Infinity
  m_BreakTorque: Infinity
  m_EnableCollision: 0
  m_EnablePreprocessing: 0
  m_MassScale: 1
  m_ConnectedMassScale: 1
--- !u!114 &6368598156243934690
MonoBehaviour:
  m_ObjectHideFlags: 0
  m_CorrespondingSourceObject: {fileID: 0}
  m_PrefabInstance: {fileID: 0}
  m_PrefabAsset: {fileID: 0}
  m_GameObject: {fileID: 3116529775120341493}
  m_Enabled: 1
  m_EditorHideFlags: 0
  m_Script: {fileID: 11500000, guid: 599605ea437868a40b82cc60a92388f7, type: 3}
  m_Name: 
  m_EditorClassIdentifier: 
--- !u!54 &4484226000292384659
Rigidbody:
  m_ObjectHideFlags: 0
  m_CorrespondingSourceObject: {fileID: 0}
  m_PrefabInstance: {fileID: 0}
  m_PrefabAsset: {fileID: 0}
  m_GameObject: {fileID: 3883017968356102129}
  serializedVersion: 2
  m_Mass: 3.125
  m_Drag: 0
  m_AngularDrag: 0.05
  m_UseGravity: 1
  m_IsKinematic: 0
  m_Interpolate: 0
  m_Constraints: 0
  m_CollisionDetection: 0
--- !u!65 &398684989526295293
BoxCollider:
  m_ObjectHideFlags: 0
  m_CorrespondingSourceObject: {fileID: 0}
  m_PrefabInstance: {fileID: 0}
  m_PrefabAsset: {fileID: 0}
  m_GameObject: {fileID: 3883017968356102129}
  m_Material: {fileID: 0}
  m_IsTrigger: 0
  m_Enabled: 1
  serializedVersion: 2
  m_Size: {x: 0.23185815, y: 0.24599898, z: 0.3834468}
  m_Center: {x: 0.11592911, y: -0.015697494, z: -0.00000044703484}
--- !u!144 &2989876645862111759
CharacterJoint:
  m_ObjectHideFlags: 0
  m_CorrespondingSourceObject: {fileID: 0}
  m_PrefabInstance: {fileID: 0}
  m_PrefabAsset: {fileID: 0}
  m_GameObject: {fileID: 3883017968356102129}
  m_ConnectedBody: {fileID: 7630852923679679590}
  m_Anchor: {x: 0, y: 0, z: 0}
  m_Axis: {x: 0, y: 0, z: -1}
  m_AutoConfigureConnectedAnchor: 1
  m_ConnectedAnchor: {x: 0.10916867, y: -0.0050328067, z: 0.00000008475037}
  serializedVersion: 2
  m_SwingAxis: {x: 1, y: 0, z: 0}
  m_TwistLimitSpring:
    spring: 0
    damper: 0
  m_LowTwistLimit:
    limit: -20
    bounciness: 0
    contactDistance: 0
  m_HighTwistLimit:
    limit: 20
    bounciness: 0
    contactDistance: 0
  m_SwingLimitSpring:
    spring: 0
    damper: 0
  m_Swing1Limit:
    limit: 10
    bounciness: 0
    contactDistance: 0
  m_Swing2Limit:
    limit: 0
    bounciness: 0
    contactDistance: 0
  m_EnableProjection: 0
  m_ProjectionDistance: 0.1
  m_ProjectionAngle: 180
  m_BreakForce: Infinity
  m_BreakTorque: Infinity
  m_EnableCollision: 0
  m_EnablePreprocessing: 0
  m_MassScale: 1
  m_ConnectedMassScale: 1
--- !u!54 &5371663969111144503
Rigidbody:
  m_ObjectHideFlags: 0
  m_CorrespondingSourceObject: {fileID: 0}
  m_PrefabInstance: {fileID: 0}
  m_PrefabAsset: {fileID: 0}
  m_GameObject: {fileID: 5637649551664238417}
  serializedVersion: 2
  m_Mass: 1.25
  m_Drag: 0
  m_AngularDrag: 0.05
  m_UseGravity: 1
  m_IsKinematic: 0
  m_Interpolate: 0
  m_Constraints: 0
  m_CollisionDetection: 0
--- !u!136 &97637174027646161
CapsuleCollider:
  m_ObjectHideFlags: 0
  m_CorrespondingSourceObject: {fileID: 0}
  m_PrefabInstance: {fileID: 0}
  m_PrefabAsset: {fileID: 0}
  m_GameObject: {fileID: 5637649551664238417}
  m_Material: {fileID: 0}
  m_IsTrigger: 0
  m_Enabled: 1
  m_Radius: 0.059592754
  m_Height: 0.23837101
  m_Direction: 0
  m_Center: {x: -0.11918551, y: 0, z: 0}
--- !u!144 &4408245778464684965
CharacterJoint:
  m_ObjectHideFlags: 0
  m_CorrespondingSourceObject: {fileID: 0}
  m_PrefabInstance: {fileID: 0}
  m_PrefabAsset: {fileID: 0}
  m_GameObject: {fileID: 5637649551664238417}
  m_ConnectedBody: {fileID: 4484226000292384659}
  m_Anchor: {x: 0, y: 0, z: 0}
  m_Axis: {x: 0, y: 0, z: 1}
  m_AutoConfigureConnectedAnchor: 1
  m_ConnectedAnchor: {x: -0.26013964, y: -0.034614936, z: 0.19172293}
  serializedVersion: 2
  m_SwingAxis: {x: 0, y: -1, z: 0}
  m_TwistLimitSpring:
    spring: 0
    damper: 0
  m_LowTwistLimit:
    limit: -70
    bounciness: 0
    contactDistance: 0
  m_HighTwistLimit:
    limit: 10
    bounciness: 0
    contactDistance: 0
  m_SwingLimitSpring:
    spring: 0
    damper: 0
  m_Swing1Limit:
    limit: 50
    bounciness: 0
    contactDistance: 0
  m_Swing2Limit:
    limit: 0
    bounciness: 0
    contactDistance: 0
  m_EnableProjection: 0
  m_ProjectionDistance: 0.1
  m_ProjectionAngle: 180
  m_BreakForce: Infinity
  m_BreakTorque: Infinity
  m_EnableCollision: 0
  m_EnablePreprocessing: 0
  m_MassScale: 1
  m_ConnectedMassScale: 1
--- !u!54 &5112396806923308864
Rigidbody:
  m_ObjectHideFlags: 0
  m_CorrespondingSourceObject: {fileID: 0}
  m_PrefabInstance: {fileID: 0}
  m_PrefabAsset: {fileID: 0}
  m_GameObject: {fileID: 6273458705993542047}
  serializedVersion: 2
  m_Mass: 1.25
  m_Drag: 0
  m_AngularDrag: 0.05
  m_UseGravity: 1
  m_IsKinematic: 0
  m_Interpolate: 0
  m_Constraints: 0
  m_CollisionDetection: 0
--- !u!136 &900242105125435712
CapsuleCollider:
  m_ObjectHideFlags: 0
  m_CorrespondingSourceObject: {fileID: 0}
  m_PrefabInstance: {fileID: 0}
  m_PrefabAsset: {fileID: 0}
  m_GameObject: {fileID: 6273458705993542047}
  m_Material: {fileID: 0}
  m_IsTrigger: 0
  m_Enabled: 1
  m_Radius: 0.089413054
  m_Height: 0.44706526
  m_Direction: 0
  m_Center: {x: 0.22353263, y: 0, z: 0}
--- !u!144 &6190886469007151733
CharacterJoint:
  m_ObjectHideFlags: 0
  m_CorrespondingSourceObject: {fileID: 0}
  m_PrefabInstance: {fileID: 0}
  m_PrefabAsset: {fileID: 0}
  m_GameObject: {fileID: 6273458705993542047}
  m_ConnectedBody: {fileID: 5209768350458255850}
  m_Anchor: {x: 0, y: 0, z: 0}
  m_Axis: {x: 0, y: 0, z: -1}
  m_AutoConfigureConnectedAnchor: 1
  m_ConnectedAnchor: {x: 0.24062017, y: 0.005143514, z: -0.0121179065}
  serializedVersion: 2
  m_SwingAxis: {x: 0, y: -1, z: 0}
  m_TwistLimitSpring:
    spring: 0
    damper: 0
  m_LowTwistLimit:
    limit: -90
    bounciness: 0
    contactDistance: 0
  m_HighTwistLimit:
    limit: 0
    bounciness: 0
    contactDistance: 0
  m_SwingLimitSpring:
    spring: 0
    damper: 0
  m_Swing1Limit:
    limit: 0
    bounciness: 0
    contactDistance: 0
  m_Swing2Limit:
    limit: 0
    bounciness: 0
    contactDistance: 0
  m_EnableProjection: 0
  m_ProjectionDistance: 0.1
  m_ProjectionAngle: 180
  m_BreakForce: Infinity
  m_BreakTorque: Infinity
  m_EnableCollision: 0
  m_EnablePreprocessing: 0
  m_MassScale: 1
  m_ConnectedMassScale: 1
--- !u!54 &7630852923679679590
Rigidbody:
  m_ObjectHideFlags: 0
  m_CorrespondingSourceObject: {fileID: 0}
  m_PrefabInstance: {fileID: 0}
  m_PrefabAsset: {fileID: 0}
  m_GameObject: {fileID: 6314318208148059024}
  serializedVersion: 2
  m_Mass: 3.125
  m_Drag: 0
  m_AngularDrag: 0.05
  m_UseGravity: 1
  m_IsKinematic: 0
  m_Interpolate: 0
  m_Constraints: 0
  m_CollisionDetection: 0
--- !u!65 &1873799786486021337
BoxCollider:
  m_ObjectHideFlags: 0
  m_CorrespondingSourceObject: {fileID: 0}
  m_PrefabInstance: {fileID: 0}
  m_PrefabAsset: {fileID: 0}
  m_GameObject: {fileID: 6314318208148059024}
  m_Material: {fileID: 0}
  m_IsTrigger: 0
  m_Enabled: 1
  serializedVersion: 2
  m_Size: {x: 0.23130229, y: 0.24453014, z: 0.38344693}
  m_Center: {x: -0.006482467, y: -0.021507233, z: 0.0000006556511}
--- !u!1 &6368598154658765761
GameObject:
  m_ObjectHideFlags: 0
  m_CorrespondingSourceObject: {fileID: 0}
  m_PrefabInstance: {fileID: 0}
  m_PrefabAsset: {fileID: 0}
  serializedVersion: 6
  m_Component:
  - component: {fileID: 6368598154658765760}
  m_Layer: 12
  m_Name: GameObject
  m_TagString: Untagged
  m_Icon: {fileID: 0}
  m_NavMeshLayer: 0
  m_StaticEditorFlags: 0
  m_IsActive: 1
--- !u!4 &6368598154658765760
Transform:
  m_ObjectHideFlags: 0
  m_CorrespondingSourceObject: {fileID: 0}
  m_PrefabInstance: {fileID: 0}
  m_PrefabAsset: {fileID: 0}
  m_GameObject: {fileID: 6368598154658765761}
  m_LocalRotation: {x: 0, y: 0, z: 0, w: 1}
  m_LocalPosition: {x: 0.249, y: 0.008, z: 0.023}
  m_LocalScale: {x: 1, y: 1, z: 1}
  m_Children: []
  m_Father: {fileID: 5347931198922102739}
  m_RootOrder: 1
  m_LocalEulerAnglesHint: {x: 0, y: 0, z: 0}
--- !u!1 &6368598154901952968
GameObject:
  m_ObjectHideFlags: 0
  m_CorrespondingSourceObject: {fileID: 0}
  m_PrefabInstance: {fileID: 0}
  m_PrefabAsset: {fileID: 0}
  serializedVersion: 6
  m_Component:
  - component: {fileID: 6368598154901952975}
  m_Layer: 12
  m_Name: GameObject
  m_TagString: Untagged
  m_Icon: {fileID: 0}
  m_NavMeshLayer: 0
  m_StaticEditorFlags: 0
  m_IsActive: 1
--- !u!4 &6368598154901952975
Transform:
  m_ObjectHideFlags: 0
  m_CorrespondingSourceObject: {fileID: 0}
  m_PrefabInstance: {fileID: 0}
  m_PrefabAsset: {fileID: 0}
  m_GameObject: {fileID: 6368598154901952968}
  m_LocalRotation: {x: -0.0001961174, y: 0.02261828, z: -0.0003026686, w: 0.9997441}
  m_LocalPosition: {x: -0.201, y: -0.001, z: 0.069}
  m_LocalScale: {x: 1, y: 1, z: 1}
  m_Children: []
  m_Father: {fileID: 4509316956445740131}
  m_RootOrder: 1
  m_LocalEulerAnglesHint: {x: -0.022000002, y: 2.592, z: -0.035}
--- !u!1 &6368598155543306472
GameObject:
  m_ObjectHideFlags: 0
  m_CorrespondingSourceObject: {fileID: 0}
  m_PrefabInstance: {fileID: 0}
  m_PrefabAsset: {fileID: 0}
  serializedVersion: 6
  m_Component:
  - component: {fileID: 6368598155543306479}
  m_Layer: 12
  m_Name: GameObject
  m_TagString: Untagged
  m_Icon: {fileID: 0}
  m_NavMeshLayer: 0
  m_StaticEditorFlags: 0
  m_IsActive: 1
--- !u!4 &6368598155543306479
Transform:
  m_ObjectHideFlags: 0
  m_CorrespondingSourceObject: {fileID: 0}
  m_PrefabInstance: {fileID: 0}
  m_PrefabAsset: {fileID: 0}
  m_GameObject: {fileID: 6368598155543306472}
  m_LocalRotation: {x: 0.0057814447, y: -0.002572276, z: -0.24682051, w: 0.9690405}
  m_LocalPosition: {x: -0.106, y: -0.148, z: -0.001}
  m_LocalScale: {x: 1, y: 1, z: 1}
  m_Children: []
  m_Father: {fileID: 489570605187530620}
  m_RootOrder: 1
  m_LocalEulerAnglesHint: {x: 0.569, y: -0.44900003, z: -28.582}
--- !u!1 &6368598155955556836
GameObject:
  m_ObjectHideFlags: 0
  m_CorrespondingSourceObject: {fileID: 0}
  m_PrefabInstance: {fileID: 0}
  m_PrefabAsset: {fileID: 0}
  serializedVersion: 6
  m_Component:
  - component: {fileID: 6368598155955556842}
  - component: {fileID: 6368598155955556843}
  - component: {fileID: 6368598155955556841}
  - component: {fileID: 6368598155955556845}
  - component: {fileID: 6368598155955556846}
  m_Layer: 12
  m_Name: Enemy Robot Ragdoll
  m_TagString: Untagged
  m_Icon: {fileID: 0}
  m_NavMeshLayer: 0
  m_StaticEditorFlags: 0
  m_IsActive: 1
--- !u!4 &6368598155955556842
Transform:
  m_ObjectHideFlags: 0
  m_CorrespondingSourceObject: {fileID: 0}
  m_PrefabInstance: {fileID: 0}
  m_PrefabAsset: {fileID: 0}
  m_GameObject: {fileID: 6368598155955556836}
  m_LocalRotation: {x: 0, y: 1, z: 0, w: 0}
  m_LocalPosition: {x: 1.7663081, y: -5.34142e-17, z: 0.639}
  m_LocalScale: {x: 1.5, y: 1.5, z: 1.5}
  m_Children:
  - {fileID: 2097404782152985574}
  - {fileID: 2204695548806309114}
  - {fileID: 6368598156445266616}
  m_Father: {fileID: 0}
  m_RootOrder: 0
  m_LocalEulerAnglesHint: {x: 0, y: 180, z: 0}
--- !u!54 &6368598155955556843
Rigidbody:
  m_ObjectHideFlags: 0
  m_CorrespondingSourceObject: {fileID: 0}
  m_PrefabInstance: {fileID: 0}
  m_PrefabAsset: {fileID: 0}
  m_GameObject: {fileID: 6368598155955556836}
  serializedVersion: 2
  m_Mass: 80
  m_Drag: 0
  m_AngularDrag: 0.05
  m_UseGravity: 1
  m_IsKinematic: 1
  m_Interpolate: 0
  m_Constraints: 80
  m_CollisionDetection: 0
--- !u!195 &6368598155955556841
NavMeshAgent:
  m_ObjectHideFlags: 0
  m_CorrespondingSourceObject: {fileID: 0}
  m_PrefabInstance: {fileID: 0}
  m_PrefabAsset: {fileID: 0}
  m_GameObject: {fileID: 6368598155955556836}
  m_Enabled: 1
  m_AgentTypeID: 0
  m_Radius: 0.5
  m_Speed: 2
  m_Acceleration: 8
  avoidancePriority: 50
  m_AngularSpeed: 120
  m_StoppingDistance: 0
  m_AutoTraverseOffMeshLink: 1
  m_AutoBraking: 1
  m_AutoRepath: 1
  m_Height: 2
  m_BaseOffset: 0
  m_WalkableMask: 4294967295
  m_ObstacleAvoidanceType: 4
--- !u!114 &6368598155955556845
MonoBehaviour:
  m_ObjectHideFlags: 0
  m_CorrespondingSourceObject: {fileID: 0}
  m_PrefabInstance: {fileID: 0}
  m_PrefabAsset: {fileID: 0}
  m_GameObject: {fileID: 6368598155955556836}
  m_Enabled: 1
  m_EditorHideFlags: 0
  m_Script: {fileID: 11500000, guid: 77fbcbb5018fdbc4898cac9594c87d35, type: 3}
  m_Name: 
  m_EditorClassIdentifier: 
  path:
  - {fileID: 0}
  - {fileID: 0}
  - {fileID: 0}
  minPathPointDistance: 0.5
  lastKnownPositionObject: {fileID: 1457311619324959335}
  MinIdleTime: 2
  MaxIdleTime: 10
  throwObjectPos: {fileID: 938784479}
--- !u!114 &6368598155955556846
MonoBehaviour:
  m_ObjectHideFlags: 0
  m_CorrespondingSourceObject: {fileID: 0}
  m_PrefabInstance: {fileID: 0}
  m_PrefabAsset: {fileID: 0}
  m_GameObject: {fileID: 6368598155955556836}
  m_Enabled: 1
  m_EditorHideFlags: 0
  m_Script: {fileID: 11500000, guid: 4ef6372948b93ff489d3fdf3ce12cb1d, type: 3}
  m_Name: 
  m_EditorClassIdentifier: 
  target: {fileID: 0}
  detectionRadius: 10
  attackRange: 5
  fovAngle: 60
  LayerMask:
    serializedVersion: 2
    m_Bits: 1843
  raycastStart: {fileID: 6368598156445266616}
--- !u!1 &6368598156289591489
GameObject:
  m_ObjectHideFlags: 0
  m_CorrespondingSourceObject: {fileID: 0}
  m_PrefabInstance: {fileID: 0}
  m_PrefabAsset: {fileID: 0}
  serializedVersion: 6
  m_Component:
  - component: {fileID: 6368598156289591488}
  m_Layer: 12
  m_Name: GameObject
  m_TagString: Untagged
  m_Icon: {fileID: 0}
  m_NavMeshLayer: 0
  m_StaticEditorFlags: 0
  m_IsActive: 1
--- !u!4 &6368598156289591488
Transform:
  m_ObjectHideFlags: 0
  m_CorrespondingSourceObject: {fileID: 0}
  m_PrefabInstance: {fileID: 0}
  m_PrefabAsset: {fileID: 0}
  m_GameObject: {fileID: 6368598156289591489}
  m_LocalRotation: {x: 0.0008962464, y: -0.022748373, z: 0.039347142, w: 0.9989662}
  m_LocalPosition: {x: -0.329, y: 0.012, z: 0.119}
  m_LocalScale: {x: 1, y: 1, z: 1}
  m_Children: []
  m_Father: {fileID: 8335958018609447833}
  m_RootOrder: 2
  m_LocalEulerAnglesHint: {x: 0.20500001, y: -2.601, z: 4.5070004}
--- !u!1 &6368598156445266617
GameObject:
  m_ObjectHideFlags: 0
  m_CorrespondingSourceObject: {fileID: 0}
  m_PrefabInstance: {fileID: 0}
  m_PrefabAsset: {fileID: 0}
  serializedVersion: 6
  m_Component:
  - component: {fileID: 6368598156445266616}
  m_Layer: 12
  m_Name: RaycastStart
  m_TagString: Untagged
  m_Icon: {fileID: 0}
  m_NavMeshLayer: 0
  m_StaticEditorFlags: 0
  m_IsActive: 1
--- !u!4 &6368598156445266616
Transform:
  m_ObjectHideFlags: 0
  m_CorrespondingSourceObject: {fileID: 0}
  m_PrefabInstance: {fileID: 0}
  m_PrefabAsset: {fileID: 0}
  m_GameObject: {fileID: 6368598156445266617}
  m_LocalRotation: {x: 0, y: 0, z: 0, w: 1}
  m_LocalPosition: {x: 0, y: 1.65, z: 0}
  m_LocalScale: {x: 1, y: 1, z: 1}
  m_Children: []
  m_Father: {fileID: 6368598155955556842}
  m_RootOrder: 2
  m_LocalEulerAnglesHint: {x: 0, y: 0, z: 0}
--- !u!1 &6368598156565934581
GameObject:
  m_ObjectHideFlags: 0
  m_CorrespondingSourceObject: {fileID: 0}
  m_PrefabInstance: {fileID: 0}
  m_PrefabAsset: {fileID: 0}
  serializedVersion: 6
  m_Component:
  - component: {fileID: 6368598156565934580}
  m_Layer: 12
  m_Name: GameObject
  m_TagString: Untagged
  m_Icon: {fileID: 0}
  m_NavMeshLayer: 0
  m_StaticEditorFlags: 0
  m_IsActive: 1
--- !u!4 &6368598156565934580
Transform:
  m_ObjectHideFlags: 0
  m_CorrespondingSourceObject: {fileID: 0}
  m_PrefabInstance: {fileID: 0}
  m_PrefabAsset: {fileID: 0}
  m_GameObject: {fileID: 6368598156565934581}
  m_LocalRotation: {x: 0, y: 0, z: 0, w: 1}
  m_LocalPosition: {x: -0.2558, y: 0.0156, z: -0.007}
  m_LocalScale: {x: 1, y: 1, z: 1}
  m_Children: []
  m_Father: {fileID: 2969176300774977987}
  m_RootOrder: 1
  m_LocalEulerAnglesHint: {x: 0, y: 0, z: 0}
--- !u!54 &4990665552011075966
Rigidbody:
  m_ObjectHideFlags: 0
  m_CorrespondingSourceObject: {fileID: 0}
  m_PrefabInstance: {fileID: 0}
  m_PrefabAsset: {fileID: 0}
  m_GameObject: {fileID: 6409066710329781577}
  serializedVersion: 2
  m_Mass: 1.25
  m_Drag: 0
  m_AngularDrag: 0.05
  m_UseGravity: 1
  m_IsKinematic: 0
  m_Interpolate: 0
  m_Constraints: 0
  m_CollisionDetection: 0
--- !u!136 &7584434977523822002
CapsuleCollider:
  m_ObjectHideFlags: 0
  m_CorrespondingSourceObject: {fileID: 0}
  m_PrefabInstance: {fileID: 0}
  m_PrefabAsset: {fileID: 0}
  m_GameObject: {fileID: 6409066710329781577}
  m_Material: {fileID: 0}
  m_IsTrigger: 0
  m_Enabled: 1
  m_Radius: 0.072581254
  m_Height: 0.36290625
  m_Direction: 1
  m_Center: {x: 0, y: -0.18145312, z: 0}
--- !u!144 &6872448656187758208
CharacterJoint:
  m_ObjectHideFlags: 0
  m_CorrespondingSourceObject: {fileID: 0}
  m_PrefabInstance: {fileID: 0}
  m_PrefabAsset: {fileID: 0}
  m_GameObject: {fileID: 6409066710329781577}
  m_ConnectedBody: {fileID: 5371663969111144503}
  m_Anchor: {x: 0, y: 0, z: 0}
  m_Axis: {x: 1, y: 0, z: 0}
  m_AutoConfigureConnectedAnchor: 1
  m_ConnectedAnchor: {x: -0.23837113, y: 0.035324678, z: -0.0012604777}
  serializedVersion: 2
  m_SwingAxis: {x: 0, y: 0, z: 1}
  m_TwistLimitSpring:
    spring: 0
    damper: 0
  m_LowTwistLimit:
    limit: -90
    bounciness: 0
    contactDistance: 0
  m_HighTwistLimit:
    limit: 0
    bounciness: 0
    contactDistance: 0
  m_SwingLimitSpring:
    spring: 0
    damper: 0
  m_Swing1Limit:
    limit: 0
    bounciness: 0
    contactDistance: 0
  m_Swing2Limit:
    limit: 0
    bounciness: 0
    contactDistance: 0
  m_EnableProjection: 0
  m_ProjectionDistance: 0.1
  m_ProjectionAngle: 180
  m_BreakForce: Infinity
  m_BreakTorque: Infinity
  m_EnableCollision: 0
  m_EnablePreprocessing: 0
  m_MassScale: 1
  m_ConnectedMassScale: 1
--- !u!54 &6043974587364541011
Rigidbody:
  m_ObjectHideFlags: 0
  m_CorrespondingSourceObject: {fileID: 0}
  m_PrefabInstance: {fileID: 0}
  m_PrefabAsset: {fileID: 0}
  m_GameObject: {fileID: 7641480742708088336}
  serializedVersion: 2
  m_Mass: 1.875
  m_Drag: 0
  m_AngularDrag: 0.05
  m_UseGravity: 1
  m_IsKinematic: 0
  m_Interpolate: 0
  m_Constraints: 0
  m_CollisionDetection: 0
--- !u!136 &5452147737610736547
CapsuleCollider:
  m_ObjectHideFlags: 0
  m_CorrespondingSourceObject: {fileID: 0}
  m_PrefabInstance: {fileID: 0}
  m_PrefabAsset: {fileID: 0}
  m_GameObject: {fileID: 7641480742708088336}
  m_Material: {fileID: 0}
  m_IsTrigger: 0
  m_Enabled: 1
  m_Radius: 0.11152019
  m_Height: 0.37173396
  m_Direction: 0
  m_Center: {x: -0.18586698, y: 0, z: 0}
--- !u!144 &7146315338670455293
CharacterJoint:
  m_ObjectHideFlags: 0
  m_CorrespondingSourceObject: {fileID: 0}
  m_PrefabInstance: {fileID: 0}
  m_PrefabAsset: {fileID: 0}
  m_GameObject: {fileID: 7641480742708088336}
  m_ConnectedBody: {fileID: 7630852923679679590}
  m_Anchor: {x: 0, y: 0, z: 0}
  m_Axis: {x: 0, y: 0, z: -1}
  m_AutoConfigureConnectedAnchor: 1
  m_ConnectedAnchor: {x: -0.12213357, y: 0.0113317855, z: -0.06890572}
  serializedVersion: 2
  m_SwingAxis: {x: -1, y: 0, z: 0}
  m_TwistLimitSpring:
    spring: 0
    damper: 0
  m_LowTwistLimit:
    limit: -20
    bounciness: 0
    contactDistance: 0
  m_HighTwistLimit:
    limit: 70
    bounciness: 0
    contactDistance: 0
  m_SwingLimitSpring:
    spring: 0
    damper: 0
  m_Swing1Limit:
    limit: 30
    bounciness: 0
    contactDistance: 0
  m_Swing2Limit:
    limit: 0
    bounciness: 0
    contactDistance: 0
  m_EnableProjection: 0
  m_ProjectionDistance: 0.1
  m_ProjectionAngle: 180
  m_BreakForce: Infinity
  m_BreakTorque: Infinity
  m_EnableCollision: 0
  m_EnablePreprocessing: 0
  m_MassScale: 1
  m_ConnectedMassScale: 1
--- !u!54 &3453027827405035983
Rigidbody:
  m_ObjectHideFlags: 0
  m_CorrespondingSourceObject: {fileID: 0}
  m_PrefabInstance: {fileID: 0}
  m_PrefabAsset: {fileID: 0}
  m_GameObject: {fileID: 8408448048480023451}
  serializedVersion: 2
  m_Mass: 1.875
  m_Drag: 0
  m_AngularDrag: 0.05
  m_UseGravity: 1
  m_IsKinematic: 0
  m_Interpolate: 0
  m_Constraints: 0
  m_CollisionDetection: 0
--- !u!136 &915918160856911815
CapsuleCollider:
  m_ObjectHideFlags: 0
  m_CorrespondingSourceObject: {fileID: 0}
  m_PrefabInstance: {fileID: 0}
  m_PrefabAsset: {fileID: 0}
  m_GameObject: {fileID: 8408448048480023451}
  m_Material: {fileID: 0}
  m_IsTrigger: 0
  m_Enabled: 1
  m_Radius: 0.12777212
  m_Height: 0.5110885
  m_Direction: 0
  m_Center: {x: 0.25554425, y: 0, z: 0}
--- !u!144 &4568625535149993515
CharacterJoint:
  m_ObjectHideFlags: 0
  m_CorrespondingSourceObject: {fileID: 0}
  m_PrefabInstance: {fileID: 0}
  m_PrefabAsset: {fileID: 0}
  m_GameObject: {fileID: 8408448048480023451}
  m_ConnectedBody: {fileID: 9129801387505596519}
  m_Anchor: {x: 0, y: 0, z: 0}
  m_Axis: {x: 0, y: 0, z: 1}
  m_AutoConfigureConnectedAnchor: 1
  m_ConnectedAnchor: {x: 0.37173435, y: -0.0019968227, z: 0.0730366}
  serializedVersion: 2
  m_SwingAxis: {x: 1, y: 0, z: 0}
  m_TwistLimitSpring:
    spring: 0
    damper: 0
  m_LowTwistLimit:
    limit: -80
    bounciness: 0
    contactDistance: 0
  m_HighTwistLimit:
    limit: 0
    bounciness: 0
    contactDistance: 0
  m_SwingLimitSpring:
    spring: 0
    damper: 0
  m_Swing1Limit:
    limit: 0
    bounciness: 0
    contactDistance: 0
  m_Swing2Limit:
    limit: 0
    bounciness: 0
    contactDistance: 0
  m_EnableProjection: 0
  m_ProjectionDistance: 0.1
  m_ProjectionAngle: 180
  m_BreakForce: Infinity
  m_BreakTorque: Infinity
  m_EnableCollision: 0
  m_EnablePreprocessing: 0
  m_MassScale: 1
  m_ConnectedMassScale: 1
--- !u!1001 &6368598154867946034
PrefabInstance:
  m_ObjectHideFlags: 0
  serializedVersion: 2
  m_Modification:
    m_TransformParent: {fileID: 6368598155955556842}
    m_Modifications:
    - target: {fileID: 5114233940376327880, guid: 9ca4a61b3cc16b742b0a80fd4e369557,
        type: 3}
      propertyPath: m_LocalPosition.x
      value: 0
      objectReference: {fileID: 0}
    - target: {fileID: 5114233940376327880, guid: 9ca4a61b3cc16b742b0a80fd4e369557,
        type: 3}
      propertyPath: m_LocalPosition.y
      value: 0
      objectReference: {fileID: 0}
    - target: {fileID: 5114233940376327880, guid: 9ca4a61b3cc16b742b0a80fd4e369557,
        type: 3}
      propertyPath: m_LocalPosition.z
      value: 0
      objectReference: {fileID: 0}
    - target: {fileID: 5114233940376327880, guid: 9ca4a61b3cc16b742b0a80fd4e369557,
        type: 3}
      propertyPath: m_LocalRotation.x
      value: 0
      objectReference: {fileID: 0}
    - target: {fileID: 5114233940376327880, guid: 9ca4a61b3cc16b742b0a80fd4e369557,
        type: 3}
      propertyPath: m_LocalRotation.y
      value: 0
      objectReference: {fileID: 0}
    - target: {fileID: 5114233940376327880, guid: 9ca4a61b3cc16b742b0a80fd4e369557,
        type: 3}
      propertyPath: m_LocalRotation.z
      value: 0
      objectReference: {fileID: 0}
    - target: {fileID: 5114233940376327880, guid: 9ca4a61b3cc16b742b0a80fd4e369557,
        type: 3}
      propertyPath: m_LocalRotation.w
      value: 1
      objectReference: {fileID: 0}
    - target: {fileID: 5114233940376327880, guid: 9ca4a61b3cc16b742b0a80fd4e369557,
        type: 3}
      propertyPath: m_RootOrder
      value: 1
      objectReference: {fileID: 0}
    - target: {fileID: 5114233940376327880, guid: 9ca4a61b3cc16b742b0a80fd4e369557,
        type: 3}
      propertyPath: m_LocalEulerAnglesHint.x
      value: 0
      objectReference: {fileID: 0}
    - target: {fileID: 5114233940376327880, guid: 9ca4a61b3cc16b742b0a80fd4e369557,
        type: 3}
      propertyPath: m_LocalEulerAnglesHint.y
      value: 0
      objectReference: {fileID: 0}
    - target: {fileID: 5114233940376327880, guid: 9ca4a61b3cc16b742b0a80fd4e369557,
        type: 3}
      propertyPath: m_LocalEulerAnglesHint.z
      value: 0
      objectReference: {fileID: 0}
    - target: {fileID: 5467704701356157206, guid: 9ca4a61b3cc16b742b0a80fd4e369557,
        type: 3}
      propertyPath: m_Enabled
      value: 0
      objectReference: {fileID: 0}
    - target: {fileID: 5501331069124044885, guid: 9ca4a61b3cc16b742b0a80fd4e369557,
        type: 3}
      propertyPath: m_Name
      value: LastKnownPosition
      objectReference: {fileID: 0}
    - target: {fileID: 5501331069124044885, guid: 9ca4a61b3cc16b742b0a80fd4e369557,
        type: 3}
      propertyPath: m_Layer
      value: 12
      objectReference: {fileID: 0}
    m_RemovedComponents: []
  m_SourcePrefab: {fileID: 100100000, guid: 9ca4a61b3cc16b742b0a80fd4e369557, type: 3}
--- !u!4 &2204695548806309114 stripped
Transform:
  m_CorrespondingSourceObject: {fileID: 5114233940376327880, guid: 9ca4a61b3cc16b742b0a80fd4e369557,
    type: 3}
  m_PrefabInstance: {fileID: 6368598154867946034}
  m_PrefabAsset: {fileID: 0}
--- !u!1 &1457311619324959335 stripped
GameObject:
  m_CorrespondingSourceObject: {fileID: 5501331069124044885, guid: 9ca4a61b3cc16b742b0a80fd4e369557,
    type: 3}
  m_PrefabInstance: {fileID: 6368598154867946034}
  m_PrefabAsset: {fileID: 0}
--- !u!1001 &6368598156442501372
PrefabInstance:
  m_ObjectHideFlags: 0
  serializedVersion: 2
  m_Modification:
    m_TransformParent: {fileID: 6368598155955556842}
    m_Modifications:
    - target: {fileID: -9182740200759333451, guid: 6afaf085dbd26a046afefacb2dc84403,
        type: 3}
      propertyPath: m_Layer
      value: 12
      objectReference: {fileID: 0}
    - target: {fileID: -8897855595897837867, guid: 6afaf085dbd26a046afefacb2dc84403,
        type: 3}
      propertyPath: m_Layer
      value: 12
      objectReference: {fileID: 0}
    - target: {fileID: -8088121113046633620, guid: 6afaf085dbd26a046afefacb2dc84403,
        type: 3}
      propertyPath: m_Layer
      value: 12
      objectReference: {fileID: 0}
    - target: {fileID: -7716560642415474350, guid: 6afaf085dbd26a046afefacb2dc84403,
        type: 3}
      propertyPath: m_Layer
      value: 12
      objectReference: {fileID: 0}
    - target: {fileID: -7611863876931366995, guid: 6afaf085dbd26a046afefacb2dc84403,
        type: 3}
      propertyPath: m_Layer
      value: 12
      objectReference: {fileID: 0}
    - target: {fileID: -7091066756350684605, guid: 6afaf085dbd26a046afefacb2dc84403,
        type: 3}
      propertyPath: m_Layer
      value: 12
      objectReference: {fileID: 0}
    - target: {fileID: -6959493538592247231, guid: 6afaf085dbd26a046afefacb2dc84403,
        type: 3}
      propertyPath: m_Layer
      value: 12
      objectReference: {fileID: 0}
    - target: {fileID: -6904252937039674094, guid: 6afaf085dbd26a046afefacb2dc84403,
        type: 3}
      propertyPath: m_Layer
      value: 12
      objectReference: {fileID: 0}
    - target: {fileID: -6303458301940834944, guid: 6afaf085dbd26a046afefacb2dc84403,
        type: 3}
      propertyPath: m_Layer
      value: 12
      objectReference: {fileID: 0}
    - target: {fileID: -6264275038721477219, guid: 6afaf085dbd26a046afefacb2dc84403,
        type: 3}
      propertyPath: m_Layer
      value: 12
      objectReference: {fileID: 0}
    - target: {fileID: -6057140222963153312, guid: 6afaf085dbd26a046afefacb2dc84403,
        type: 3}
      propertyPath: m_Controller
      value: 
      objectReference: {fileID: 9100000, guid: 079262fc21e04af40a4a7be6f9112176, type: 2}
    - target: {fileID: -6057140222963153312, guid: 6afaf085dbd26a046afefacb2dc84403,
        type: 3}
      propertyPath: m_UpdateMode
      value: 1
      objectReference: {fileID: 0}
    - target: {fileID: -6057140222963153312, guid: 6afaf085dbd26a046afefacb2dc84403,
        type: 3}
      propertyPath: m_ApplyRootMotion
      value: 0
      objectReference: {fileID: 0}
    - target: {fileID: -5991283668468304330, guid: 6afaf085dbd26a046afefacb2dc84403,
        type: 3}
      propertyPath: m_Layer
      value: 12
      objectReference: {fileID: 0}
    - target: {fileID: -4216859302048453862, guid: 6afaf085dbd26a046afefacb2dc84403,
        type: 3}
      propertyPath: m_LocalPosition.x
      value: 0
      objectReference: {fileID: 0}
    - target: {fileID: -4216859302048453862, guid: 6afaf085dbd26a046afefacb2dc84403,
        type: 3}
      propertyPath: m_LocalPosition.y
      value: 0
      objectReference: {fileID: 0}
    - target: {fileID: -4216859302048453862, guid: 6afaf085dbd26a046afefacb2dc84403,
        type: 3}
      propertyPath: m_LocalPosition.z
      value: 0
      objectReference: {fileID: 0}
    - target: {fileID: -4216859302048453862, guid: 6afaf085dbd26a046afefacb2dc84403,
        type: 3}
      propertyPath: m_LocalRotation.x
      value: 0
      objectReference: {fileID: 0}
    - target: {fileID: -4216859302048453862, guid: 6afaf085dbd26a046afefacb2dc84403,
        type: 3}
      propertyPath: m_LocalRotation.y
      value: 0
      objectReference: {fileID: 0}
    - target: {fileID: -4216859302048453862, guid: 6afaf085dbd26a046afefacb2dc84403,
        type: 3}
      propertyPath: m_LocalRotation.z
      value: 0
      objectReference: {fileID: 0}
    - target: {fileID: -4216859302048453862, guid: 6afaf085dbd26a046afefacb2dc84403,
        type: 3}
      propertyPath: m_LocalRotation.w
      value: 1
      objectReference: {fileID: 0}
    - target: {fileID: -4216859302048453862, guid: 6afaf085dbd26a046afefacb2dc84403,
        type: 3}
      propertyPath: m_RootOrder
      value: 0
      objectReference: {fileID: 0}
    - target: {fileID: -4216859302048453862, guid: 6afaf085dbd26a046afefacb2dc84403,
        type: 3}
      propertyPath: m_LocalEulerAnglesHint.x
      value: 0
      objectReference: {fileID: 0}
    - target: {fileID: -4216859302048453862, guid: 6afaf085dbd26a046afefacb2dc84403,
        type: 3}
      propertyPath: m_LocalEulerAnglesHint.y
      value: 0
      objectReference: {fileID: 0}
    - target: {fileID: -4216859302048453862, guid: 6afaf085dbd26a046afefacb2dc84403,
        type: 3}
      propertyPath: m_LocalEulerAnglesHint.z
      value: 0
      objectReference: {fileID: 0}
    - target: {fileID: -3352144429764743575, guid: 6afaf085dbd26a046afefacb2dc84403,
        type: 3}
      propertyPath: m_Layer
      value: 12
      objectReference: {fileID: 0}
    - target: {fileID: -2995885772381064295, guid: 6afaf085dbd26a046afefacb2dc84403,
        type: 3}
      propertyPath: m_Layer
      value: 12
      objectReference: {fileID: 0}
    - target: {fileID: -2579347847587145199, guid: 6afaf085dbd26a046afefacb2dc84403,
        type: 3}
      propertyPath: m_Layer
      value: 12
      objectReference: {fileID: 0}
    - target: {fileID: -2547755419311403549, guid: 6afaf085dbd26a046afefacb2dc84403,
        type: 3}
      propertyPath: m_Layer
      value: 12
      objectReference: {fileID: 0}
    - target: {fileID: -2370948109365354616, guid: 6afaf085dbd26a046afefacb2dc84403,
        type: 3}
      propertyPath: m_Layer
      value: 12
      objectReference: {fileID: 0}
    - target: {fileID: -2370217299228691679, guid: 6afaf085dbd26a046afefacb2dc84403,
        type: 3}
      propertyPath: m_Layer
      value: 12
      objectReference: {fileID: 0}
    - target: {fileID: -2324271141525611035, guid: 6afaf085dbd26a046afefacb2dc84403,
        type: 3}
      propertyPath: m_Layer
      value: 12
      objectReference: {fileID: 0}
    - target: {fileID: -2198263490298278922, guid: 6afaf085dbd26a046afefacb2dc84403,
        type: 3}
      propertyPath: m_Layer
      value: 12
      objectReference: {fileID: 0}
    - target: {fileID: -2111619873018681424, guid: 6afaf085dbd26a046afefacb2dc84403,
        type: 3}
      propertyPath: m_Layer
      value: 12
      objectReference: {fileID: 0}
    - target: {fileID: -1649218382573798814, guid: 6afaf085dbd26a046afefacb2dc84403,
        type: 3}
      propertyPath: m_Materials.Array.data[0]
      value: 
      objectReference: {fileID: 2100000, guid: 2fbfe0c9a1d553a42a09b1183d97ef7a, type: 2}
    - target: {fileID: -1613138667966489593, guid: 6afaf085dbd26a046afefacb2dc84403,
        type: 3}
      propertyPath: m_Layer
      value: 12
      objectReference: {fileID: 0}
    - target: {fileID: -1541952914618457455, guid: 6afaf085dbd26a046afefacb2dc84403,
        type: 3}
      propertyPath: m_Layer
      value: 12
      objectReference: {fileID: 0}
    - target: {fileID: -1332346396016799987, guid: 6afaf085dbd26a046afefacb2dc84403,
        type: 3}
      propertyPath: m_Layer
      value: 12
      objectReference: {fileID: 0}
    - target: {fileID: -1199448969192864044, guid: 6afaf085dbd26a046afefacb2dc84403,
        type: 3}
      propertyPath: m_Layer
      value: 12
      objectReference: {fileID: 0}
    - target: {fileID: -1170340035066014058, guid: 6afaf085dbd26a046afefacb2dc84403,
        type: 3}
      propertyPath: m_Layer
      value: 12
      objectReference: {fileID: 0}
    - target: {fileID: -927199367670048503, guid: 6afaf085dbd26a046afefacb2dc84403,
        type: 3}
      propertyPath: m_Name
      value: Robot Kyle
      objectReference: {fileID: 0}
    - target: {fileID: -927199367670048503, guid: 6afaf085dbd26a046afefacb2dc84403,
        type: 3}
      propertyPath: m_Layer
      value: 12
      objectReference: {fileID: 0}
    - target: {fileID: -645433868008665906, guid: 6afaf085dbd26a046afefacb2dc84403,
        type: 3}
      propertyPath: m_Layer
      value: 12
      objectReference: {fileID: 0}
    - target: {fileID: -343322107428316949, guid: 6afaf085dbd26a046afefacb2dc84403,
        type: 3}
      propertyPath: m_Layer
      value: 12
      objectReference: {fileID: 0}
    - target: {fileID: -232873504525979704, guid: 6afaf085dbd26a046afefacb2dc84403,
        type: 3}
      propertyPath: m_Layer
      value: 12
      objectReference: {fileID: 0}
    - target: {fileID: 399063149123741488, guid: 6afaf085dbd26a046afefacb2dc84403,
        type: 3}
      propertyPath: m_Layer
      value: 12
      objectReference: {fileID: 0}
    - target: {fileID: 880145716642130721, guid: 6afaf085dbd26a046afefacb2dc84403,
        type: 3}
      propertyPath: m_Layer
      value: 12
      objectReference: {fileID: 0}
    - target: {fileID: 1111829678204987747, guid: 6afaf085dbd26a046afefacb2dc84403,
        type: 3}
      propertyPath: m_Layer
      value: 12
      objectReference: {fileID: 0}
    - target: {fileID: 1121063750183690423, guid: 6afaf085dbd26a046afefacb2dc84403,
        type: 3}
      propertyPath: m_Layer
      value: 12
      objectReference: {fileID: 0}
    - target: {fileID: 1291684618471574193, guid: 6afaf085dbd26a046afefacb2dc84403,
        type: 3}
      propertyPath: m_Layer
      value: 12
      objectReference: {fileID: 0}
    - target: {fileID: 1415058606507155113, guid: 6afaf085dbd26a046afefacb2dc84403,
        type: 3}
      propertyPath: m_Layer
      value: 12
      objectReference: {fileID: 0}
    - target: {fileID: 2701086153485182787, guid: 6afaf085dbd26a046afefacb2dc84403,
        type: 3}
      propertyPath: m_Layer
      value: 12
      objectReference: {fileID: 0}
    - target: {fileID: 3016697305562610527, guid: 6afaf085dbd26a046afefacb2dc84403,
        type: 3}
      propertyPath: m_Layer
      value: 12
      objectReference: {fileID: 0}
    - target: {fileID: 3229363183815553895, guid: 6afaf085dbd26a046afefacb2dc84403,
        type: 3}
      propertyPath: m_Layer
      value: 12
      objectReference: {fileID: 0}
    - target: {fileID: 3632769342001385196, guid: 6afaf085dbd26a046afefacb2dc84403,
        type: 3}
      propertyPath: m_Layer
      value: 12
      objectReference: {fileID: 0}
    - target: {fileID: 4633782298089162794, guid: 6afaf085dbd26a046afefacb2dc84403,
        type: 3}
      propertyPath: m_Layer
      value: 12
      objectReference: {fileID: 0}
    - target: {fileID: 4862954122529329189, guid: 6afaf085dbd26a046afefacb2dc84403,
        type: 3}
      propertyPath: m_Layer
      value: 12
      objectReference: {fileID: 0}
    - target: {fileID: 5100897738289240592, guid: 6afaf085dbd26a046afefacb2dc84403,
        type: 3}
      propertyPath: m_Layer
      value: 12
      objectReference: {fileID: 0}
    - target: {fileID: 5120931690226404616, guid: 6afaf085dbd26a046afefacb2dc84403,
        type: 3}
      propertyPath: m_Layer
      value: 12
      objectReference: {fileID: 0}
    - target: {fileID: 5378792255739635299, guid: 6afaf085dbd26a046afefacb2dc84403,
        type: 3}
      propertyPath: m_Layer
      value: 12
      objectReference: {fileID: 0}
    - target: {fileID: 6403669467455789703, guid: 6afaf085dbd26a046afefacb2dc84403,
        type: 3}
      propertyPath: m_Layer
      value: 12
      objectReference: {fileID: 0}
    - target: {fileID: 6821409278513545088, guid: 6afaf085dbd26a046afefacb2dc84403,
        type: 3}
      propertyPath: m_LocalRotation.x
      value: 0
      objectReference: {fileID: 0}
    - target: {fileID: 6821409278513545088, guid: 6afaf085dbd26a046afefacb2dc84403,
        type: 3}
      propertyPath: m_LocalRotation.y
      value: 0
      objectReference: {fileID: 0}
    - target: {fileID: 6821409278513545088, guid: 6afaf085dbd26a046afefacb2dc84403,
        type: 3}
      propertyPath: m_LocalRotation.z
      value: -0.52002597
      objectReference: {fileID: 0}
    - target: {fileID: 6821409278513545088, guid: 6afaf085dbd26a046afefacb2dc84403,
        type: 3}
      propertyPath: m_LocalRotation.w
      value: 0.8541504
      objectReference: {fileID: 0}
    - target: {fileID: 6821409278513545088, guid: 6afaf085dbd26a046afefacb2dc84403,
        type: 3}
      propertyPath: m_LocalEulerAnglesHint.y
      value: 0
      objectReference: {fileID: 0}
    - target: {fileID: 6821409278513545088, guid: 6afaf085dbd26a046afefacb2dc84403,
        type: 3}
      propertyPath: m_LocalEulerAnglesHint.z
      value: -62.668003
      objectReference: {fileID: 0}
    - target: {fileID: 7216548638202550075, guid: 6afaf085dbd26a046afefacb2dc84403,
        type: 3}
      propertyPath: m_Layer
      value: 12
      objectReference: {fileID: 0}
    - target: {fileID: 7956969180265641112, guid: 6afaf085dbd26a046afefacb2dc84403,
        type: 3}
      propertyPath: m_Layer
      value: 12
      objectReference: {fileID: 0}
    - target: {fileID: 8721300228049362217, guid: 6afaf085dbd26a046afefacb2dc84403,
        type: 3}
      propertyPath: m_Layer
      value: 12
      objectReference: {fileID: 0}
    - target: {fileID: 9054424508441982261, guid: 6afaf085dbd26a046afefacb2dc84403,
        type: 3}
      propertyPath: m_Layer
      value: 12
      objectReference: {fileID: 0}
    - target: {fileID: 9111962883125049612, guid: 6afaf085dbd26a046afefacb2dc84403,
        type: 3}
      propertyPath: m_Layer
      value: 12
      objectReference: {fileID: 0}
    - target: {fileID: 9117595241290684734, guid: 6afaf085dbd26a046afefacb2dc84403,
        type: 3}
      propertyPath: m_Layer
      value: 12
      objectReference: {fileID: 0}
    m_RemovedComponents: []
  m_SourcePrefab: {fileID: 100100000, guid: 6afaf085dbd26a046afefacb2dc84403, type: 3}
--- !u!1 &3883017968356102129 stripped
GameObject:
  m_CorrespondingSourceObject: {fileID: -1332346396016799987, guid: 6afaf085dbd26a046afefacb2dc84403,
    type: 3}
  m_PrefabInstance: {fileID: 6368598156442501372}
  m_PrefabAsset: {fileID: 0}
--- !u!1 &2804048046304451010 stripped
GameObject:
  m_CorrespondingSourceObject: {fileID: 9117595241290684734, guid: 6afaf085dbd26a046afefacb2dc84403,
    type: 3}
  m_PrefabInstance: {fileID: 6368598156442501372}
  m_PrefabAsset: {fileID: 0}
--- !u!1 &6273458705993542047 stripped
GameObject:
  m_CorrespondingSourceObject: {fileID: 1111829678204987747, guid: 6afaf085dbd26a046afefacb2dc84403,
    type: 3}
  m_PrefabInstance: {fileID: 6368598156442501372}
  m_PrefabAsset: {fileID: 0}
--- !u!4 &8335958018609447833 stripped
Transform:
  m_CorrespondingSourceObject: {fileID: 3156614187824677733, guid: 6afaf085dbd26a046afefacb2dc84403,
    type: 3}
  m_PrefabInstance: {fileID: 6368598156442501372}
  m_PrefabAsset: {fileID: 0}
--- !u!1 &2210081252057570028 stripped
GameObject:
  m_CorrespondingSourceObject: {fileID: 5100897738289240592, guid: 6afaf085dbd26a046afefacb2dc84403,
    type: 3}
  m_PrefabInstance: {fileID: 6368598156442501372}
  m_PrefabAsset: {fileID: 0}
--- !u!4 &2969176300774977987 stripped
Transform:
  m_CorrespondingSourceObject: {fileID: -1056819400175914689, guid: 6afaf085dbd26a046afefacb2dc84403,
    type: 3}
  m_PrefabInstance: {fileID: 6368598156442501372}
  m_PrefabAsset: {fileID: 0}
--- !u!4 &5797449319210708478 stripped
Transform:
  m_CorrespondingSourceObject: {fileID: 582480816384568578, guid: 6afaf085dbd26a046afefacb2dc84403,
    type: 3}
  m_PrefabInstance: {fileID: 6368598156442501372}
  m_PrefabAsset: {fileID: 0}
--- !u!4 &4509316956445740131 stripped
Transform:
  m_CorrespondingSourceObject: {fileID: -1804393523455292257, guid: 6afaf085dbd26a046afefacb2dc84403,
    type: 3}
  m_PrefabInstance: {fileID: 6368598156442501372}
  m_PrefabAsset: {fileID: 0}
--- !u!1 &7641480742708088336 stripped
GameObject:
  m_CorrespondingSourceObject: {fileID: 3632769342001385196, guid: 6afaf085dbd26a046afefacb2dc84403,
    type: 3}
  m_PrefabInstance: {fileID: 6368598156442501372}
  m_PrefabAsset: {fileID: 0}
--- !u!1 &6314318208148059024 stripped
GameObject:
  m_CorrespondingSourceObject: {fileID: -8088121113046633620, guid: 6afaf085dbd26a046afefacb2dc84403,
    type: 3}
  m_PrefabInstance: {fileID: 6368598156442501372}
  m_PrefabAsset: {fileID: 0}
--- !u!4 &2097404782152985574 stripped
Transform:
  m_CorrespondingSourceObject: {fileID: -4216859302048453862, guid: 6afaf085dbd26a046afefacb2dc84403,
    type: 3}
  m_PrefabInstance: {fileID: 6368598156442501372}
  m_PrefabAsset: {fileID: 0}
--- !u!1 &2744380683236473328 stripped
GameObject:
  m_CorrespondingSourceObject: {fileID: 9111962883125049612, guid: 6afaf085dbd26a046afefacb2dc84403,
    type: 3}
  m_PrefabInstance: {fileID: 6368598156442501372}
  m_PrefabAsset: {fileID: 0}
--- !u!1 &3116529775120341493 stripped
GameObject:
  m_CorrespondingSourceObject: {fileID: -927199367670048503, guid: 6afaf085dbd26a046afefacb2dc84403,
    type: 3}
  m_PrefabInstance: {fileID: 6368598156442501372}
  m_PrefabAsset: {fileID: 0}
--- !u!4 &5347931198922102739 stripped
Transform:
  m_CorrespondingSourceObject: {fileID: 1321354937854957359, guid: 6afaf085dbd26a046afefacb2dc84403,
    type: 3}
  m_PrefabInstance: {fileID: 6368598156442501372}
  m_PrefabAsset: {fileID: 0}
--- !u!1 &8408448048480023451 stripped
GameObject:
  m_CorrespondingSourceObject: {fileID: 3229363183815553895, guid: 6afaf085dbd26a046afefacb2dc84403,
    type: 3}
  m_PrefabInstance: {fileID: 6368598156442501372}
  m_PrefabAsset: {fileID: 0}
--- !u!4 &489570605187530620 stripped
Transform:
  m_CorrespondingSourceObject: {fileID: 6821409278513545088, guid: 6afaf085dbd26a046afefacb2dc84403,
    type: 3}
  m_PrefabInstance: {fileID: 6368598156442501372}
  m_PrefabAsset: {fileID: 0}
--- !u!1 &53947762248587899 stripped
GameObject:
  m_CorrespondingSourceObject: {fileID: 6403669467455789703, guid: 6afaf085dbd26a046afefacb2dc84403,
    type: 3}
  m_PrefabInstance: {fileID: 6368598156442501372}
  m_PrefabAsset: {fileID: 0}
--- !u!1 &6409066710329781577 stripped
GameObject:
  m_CorrespondingSourceObject: {fileID: -9182740200759333451, guid: 6afaf085dbd26a046afefacb2dc84403,
    type: 3}
  m_PrefabInstance: {fileID: 6368598156442501372}
  m_PrefabAsset: {fileID: 0}
--- !u!1 &5637649551664238417 stripped
GameObject:
  m_CorrespondingSourceObject: {fileID: -7611863876931366995, guid: 6afaf085dbd26a046afefacb2dc84403,
    type: 3}
  m_PrefabInstance: {fileID: 6368598156442501372}
  m_PrefabAsset: {fileID: 0}
